{"type":"session","version":1,"recordedAt":"2026-04-03T16:44:36.026Z","symbol":"BTCUSDC","mode":"live","initialBalances":{"base":0.00030468,"quote":4.32687057},"trackedOpenPosition":{"entryPrice":66955.74921337819,"quantity":0.00010999999999999985},"exchangeRules":{"minNotional":5,"minQty":0,"stepSize":0}}
{"type":"tick","time":1775234677228,"price":66944.65,"bids":[[66944.65,0.3675],[66944.64,0.0095],[66943.5,0.0728],[66942.99,0.95248],[66942.98,2.88077],[66942.15,0.09164],[66942,0.0728],[66941.72,0.02987],[66941.5,0.0728],[66941.28,0.00009],[66941,0.0728],[66938.76,0.00009],[66936.72,0.04022],[66936.71,0.00012],[66936.24,0.00009],[66935.57,0.02318],[66935.47,0.05396],[66935.46,0.04],[66934.26,0.02],[66933.85,0.08631]],"asks":[[66944.66,0.45383],[66944.89,0.0234],[66946.26,0.00152],[66948.84,0.00009],[66949.6,0.04],[66949.91,0.02848],[66950.08,0.00012],[66950.58,0.02389],[66951.36,0.08109],[66953.11,0.2021],[66953.12,0.29844],[66953.88,0.00009],[66954.14,0.02],[66955.39,0.014],[66956.35,0.29844],[66956.4,0.00009],[66956.52,0.19332],[66956.76,0.00012],[66957.1,0.05246],[66958.39,0.05976]]}
{"type":"tick","time":1775234681183,"price":66944.65,"bids":[[66944.65,0.4576],[66944.64,0.00172],[66943.5,0.0728],[66942.99,0.95248],[66942.98,2.88077],[66942.22,0.02987],[66942.15,0.09164],[66942,0.0728],[66941.5,0.0728],[66941.28,0.00009],[66941,0.0728],[66938.76,0.00009],[66936.72,0.04022],[66936.71,0.00012],[66936.24,0.00009],[66935.98,0.02318],[66935.47,0.05396],[66935.46,0.04],[66934.26,0.02],[66933.85,0.08631]],"asks":[[66944.66,0.27512],[66944.89,0.0234],[66946.02,0.05329],[66946.03,0.17699],[66946.26,0.00152],[66948.84,0.00009],[66949.6,0.04],[66949.91,0.02848],[66950.08,0.00012],[66950.58,0.02389],[66951.36,0.08109],[66953.11,0.2021],[66953.12,0.29844],[66953.88,0.00009],[66954.14,0.02],[66955.39,0.014],[66956.35,0.29844],[66956.4,0.00009],[66956.52,0.19332],[66956.76,0.00012]]}
{"type":"tick","time":1775234683655,"price":66944.66,"bids":[[66944.65,0.45303],[66944.64,0.00852],[66943.5,0.0728],[66942.99,0.95248],[66942.98,2.88077],[66942.72,0.02987],[66942.15,0.09164],[66942,0.0728],[66941.5,0.0728],[66941.28,0.00009],[66941,0.0728],[66938.76,0.00009],[66936.72,0.04022],[66936.71,0.00012],[66936.24,0.00009],[66935.98,0.02318],[66935.47,0.05396],[66935.46,0.04],[66934.26,0.02],[66933.85,0.08631]],"asks":[[66944.66,0.27512],[66944.89,0.0234],[66946.02,0.05329],[66946.03,0.17699],[66946.26,0.00152],[66948.84,0.00009],[66949.6,0.04],[66949.91,0.02848],[66950.08,0.00012],[66950.58,0.02389],[66951.36,0.08109],[66953.11,0.2021],[66953.12,0.29844],[66953.88,0.00009],[66954.14,0.02],[66955.39,0.014],[66956.35,0.29844],[66956.4,0.00009],[66956.52,0.19332],[66956.76,0.00012]]}
{"type":"tick","time":1775234686666,"price":66944.66,"bids":[[66944.65,0.49251],[66944.64,0.00852],[66944.63,0.02987],[66944,0.0728],[66943.5,0.0728],[66942.99,0.95248],[66942.98,2.88077],[66942.48,0.02318],[66942.15,0.09164],[66942,0.0728],[66941.5,0.0728],[66941.28,0.00009],[66941.06,0.02],[66941,0.0728],[66938.76,0.00009],[66936.72,0.04022],[66936.71,0.00012],[66936.53,0.08908],[66936.52,0.29844],[66936.24,0.00009]],"asks":[[66944.66,0.0824],[66946.26,0.00152],[66948.83,0.06596],[66948.84,0.18098],[66949.91,0.06162],[66950.02,0.06],[66950.08,0.00012],[66950.58,0.02389],[66951.36,0.08109],[66953.88,0.00009],[66954.14,0.02],[66955.39,0.014],[66956.4,0.00009],[66956.51,0.07242],[66956.52,0.19332],[66956.76,0.00012],[66957.1,0.05246],[66958.4,0.13],[66958.88,0.29844],[66958.89,0.008]]}
{"type":"tick","time":1775234687176,"price":66953.88,"bids":[[66953.87,0.75639],[66953.5,0.0728],[66952.51,0.04643],[66952.5,0.0728],[66951,0.0728],[66948.96,0.02],[66948.84,0.03689],[66948.83,0.1236],[66946.27,0.34675],[66946.26,0.43004],[66946.25,0.1221],[66944.75,0.21918],[66944.65,0.39012],[66943.8,0.00009],[66943.39,0.00012],[66943,1.28359],[66942.99,0.95248],[66942.98,2.88077],[66942.96,0.04],[66942.15,0.09164]],"asks":[[66953.88,0.14278],[66956.4,0.00009],[66956.76,0.00012],[66958.92,0.00009],[66959.85,0.02],[66960.53,0.02421],[66960.58,0.081],[66961.44,0.00009],[66963.44,0.07313],[66963.96,0.00009],[66964.24,0.06],[66966.47,0.012],[66966.48,0.00009],[66966.65,0.00564],[66966.76,0.0961],[66966.77,0.29844],[66966.79,0.10193],[66967.56,0.01492],[66968,0.13],[66968.04,0.081]]}
{"type":"tick","time":1775234689012,"price":66960.48,"bids":[[66960.47,0.81308],[66960.46,0.01194],[66958.81,0.83925],[66958.8,2.81156],[66956.4,0.05899],[66956.39,0.0411],[66956.16,0.02318],[66956,0.0728],[66955,0.0728],[66950.07,0.0154],[66950.06,0.04],[66949.91,0.0112],[66949.05,0.39613],[66949.04,0.98515],[66949.02,0.29844],[66948.96,0.02],[66947.51,0.02348],[66946.32,0.00009],[66946.27,0.23426],[66946.26,0.30644]],"asks":[[66960.48,0.086],[66961.44,0.00009],[66963.32,0.05346],[66963.44,0.00012],[66963.96,0.00009],[66964.24,0.06],[66966.15,0.12652],[66966.48,0.00009],[66966.55,0.02],[66968.03,0.12917],[66968.04,0.081],[66969,0.00009],[66969.44,0.29844],[66969.99,0.013],[66970,0.05322],[66970.12,0.00012],[66971.46,0.00564],[66971.52,0.00009],[66972.04,0.00564],[66972.28,0.08908]]}
{"type":"tick","time":1775234689943,"price":66960.48,"bids":[[66960.47,0.81308],[66960.46,0.01194],[66958.81,0.83925],[66958.8,2.81156],[66957.53,0.02319],[66956.4,0.05899],[66956.39,0.0411],[66956,0.0728],[66955,0.0728],[66950.07,0.0154],[66950.06,0.04],[66949.91,0.0112],[66949.05,0.39613],[66949.04,0.98515],[66949.02,0.29844],[66948.96,0.02],[66947.51,0.02348],[66946.32,0.00009],[66946.27,0.23426],[66946.26,0.30644]],"asks":[[66960.48,0.02617],[66961.44,0.00009],[66963.32,0.05346],[66963.44,0.00012],[66963.96,0.00009],[66964.24,0.06],[66966.15,0.12652],[66966.48,0.00009],[66966.55,0.02],[66968.03,0.12917],[66968.04,0.081],[66969,0.00009],[66969.44,0.29844],[66969.99,0.013],[66970,0.05322],[66970.12,0.00012],[66971.46,0.00564],[66971.52,0.00009],[66972.04,0.00564],[66972.28,0.08908]]}
{"type":"tick","time":1775234690516,"price":66971.52,"bids":[[66971.51,1.10719],[66969.5,0.0728],[66969.01,0.29856],[66969,0.0808],[66968.99,0.081],[66968.5,0.0728],[66968,0.0728],[66967.5,0.0728],[66967,0.0728],[66966.54,0.00994],[66966.5,0.0728],[66965.94,0.0411],[66964.23,0.008],[66964.01,0.32481],[66963.49,1.28359],[66963.48,0.1232],[66963.43,0.00012],[66963.32,0.1232],[66963.07,0.04],[66962.47,0.02]],"asks":[[66971.52,0.00033],[66972.51,0.0238],[66974.04,0.00009],[66976.48,0.00779],[66976.56,0.00009],[66977.09,0.12308],[66977.1,0.13414],[66977.12,0.06],[66978.22,0.081],[66979.08,0.00009],[66981.6,0.00009],[66982.08,0.05301],[66983.4,0.29844],[66983.48,0.00012],[66986.35,0.29844],[66986.36,0.081],[66986.64,0.00009],[66986.97,0.06147],[66989.16,0.29844],[66989.97,0.2996]]}
{"type":"tick","time":1775234691212,"price":66972.51,"bids":[[66972.5,0.90441],[66972.49,0.01094],[66971.51,0.08426],[66971.43,0.02319],[66969.5,0.0728],[66969,0.0808],[66968.5,0.0728],[66968,0.0728],[66967.5,0.0728],[66966.54,0.00994],[66966.48,0.00009],[66965.94,0.0411],[66964.23,0.008],[66964.01,0.32481],[66963.49,1.28359],[66963.48,0.1232],[66963.43,0.00012],[66963.32,0.1232],[66963.08,0.0548],[66963.07,0.04]],"asks":[[66972.51,0.02351],[66974.04,0.00009],[66976.55,0.06542],[66976.56,0.11345],[66977.1,0.02],[66977.12,0.06],[66978.22,0.081],[66979.08,0.00009],[66981.6,0.00009],[66983.37,0.013],[66983.38,0.20238],[66983.39,0.29844],[66983.48,0.00012],[66984.09,0.0522],[66986.35,0.29844],[66986.36,0.081],[66986.64,0.00009],[66986.97,0.06147],[66989.16,0.29844],[66989.97,0.2996]]}
{"type":"tick","time":1775234692629,"price":66981.59,"bids":[[66981.59,0.39031],[66981.58,0.01096],[66979.07,0.26599],[66977.2,0.02319],[66976.28,0.03024],[66976.27,0.04132],[66974.08,0.02],[66972.52,0.43349],[66972.5,0.16839],[66971.51,0.08426],[66970.57,0.29844],[66970.11,0.00012],[66969.85,0.86733],[66969.84,2.88077],[66968.8,0.01493],[66968.57,0.04],[66966.54,0.00994],[66966.48,0.02009],[66966.26,0.29844],[66964.23,0.008]],"asks":[[66981.6,0.26616],[66983.81,0.03802],[66983.82,0.06],[66986.64,0.00009],[66989.96,0.08195],[66989.97,0.19835],[66990.01,0.08],[66990.16,0.00012],[66990.39,0.29844],[66990.4,0.08],[66990.5,0.08],[66990.99,0.08],[66991,0.08],[66991.68,0.00009],[66993.06,0.081],[66995.18,0.16337],[66995.19,0.29844],[66995.2,0.13],[66995.86,0.02],[66996,0.13]]}
{"type":"tick","time":1775234693183,"price":66981.6,"bids":[[66981.59,0.3803],[66981.58,0.01109],[66980.65,0.02986],[66979.08,0.0794],[66979.07,0.26599],[66976.28,0.0183],[66976.27,0.04132],[66976.15,0.02319],[66974.08,0.02],[66974.04,0.00009],[66972.52,0.43858],[66972.5,0.16839],[66971.51,0.08426],[66970.11,0.00012],[66969.86,0.29844],[66969.85,1.85248],[66969.84,2.88077],[66968.8,0.01493],[66968.57,0.04],[66966.97,0.05156]],"asks":[[66981.6,0.2664],[66983.19,0.02401],[66983.68,0.01791],[66983.82,0.06],[66986.64,0.00009],[66989.96,0.08197],[66989.97,0.19835],[66990.01,0.08],[66990.16,0.00012],[66990.39,0.29844],[66990.4,0.08],[66990.5,0.08],[66990.99,0.08],[66991,0.08],[66991.68,0.00009],[66993.06,0.081],[66995.18,0.16337],[66995.19,0.29844],[66995.2,0.13],[66995.86,0.02]]}
{"type":"tick","time":1775234694090,"price":66981.59,"bids":[[66981.59,0.5035],[66981.58,0.01096],[66981.35,0.02986],[66979.08,0.0794],[66979.07,0.26599],[66976.28,0.0183],[66976.27,0.04132],[66976.15,0.02319],[66974.08,0.02],[66974.04,0.00009],[66972.52,0.43858],[66972.5,0.16839],[66971.51,0.08426],[66970.11,0.00012],[66969.86,0.29844],[66969.85,1.85248],[66969.84,2.88077],[66968.8,0.01493],[66968.57,0.04],[66967.99,0.02349]],"asks":[[66981.6,0.13272],[66983.19,0.02401],[66983.44,0.04528],[66983.45,0.09169],[66983.82,0.06],[66986.64,0.00009],[66989.65,0.04],[66989.96,0.08197],[66989.97,0.19835],[66990.01,0.08],[66990.16,0.00012],[66990.39,0.29844],[66990.4,0.08],[66990.5,0.08],[66990.99,0.08],[66991,0.08],[66991.68,0.00009],[66993.06,0.081],[66995.18,0.16337],[66995.19,0.29844]]}
{"type":"tick","time":1775234698001,"price":66981.6,"bids":[[66981.59,0.27154],[66981.58,0.01109],[66979.08,0.0794],[66979.07,0.26599],[66976.28,0.0183],[66976.27,0.04132],[66976.15,0.02319],[66974.04,0.00009],[66973.89,0.01119],[66973.77,0.01119],[66972.52,0.43858],[66972.5,0.16839],[66971.52,0.00009],[66971.51,0.08426],[66970.67,0.02],[66970.11,0.00012],[66969.86,0.29844],[66969.85,1.85248],[66969.84,2.88077],[66968.8,0.01493]],"asks":[[66981.6,0.26743],[66983.19,0.02401],[66983.42,0.01791],[66983.82,0.06],[66986.6,0.03508],[66986.64,0.00009],[66989.16,0.00009],[66989.64,0.07928],[66989.65,0.04],[66989.97,0.19835],[66990.16,0.00012],[66990.39,0.29844],[66990.4,0.08],[66990.5,0.08],[66990.99,0.08],[66991,0.08],[66991.68,0.00009],[66993.06,0.081],[66995.18,0.16337],[66995.19,0.29844]]}
{"type":"tick","time":1775234698743,"price":66981.6,"bids":[[66981.59,0.31248],[66981.58,0.01096],[66979.08,0.0794],[66979.07,0.26599],[66977.2,0.02319],[66976.28,0.0183],[66976.27,0.04132],[66974.04,0.00009],[66973.89,0.01119],[66973.77,0.01119],[66972.52,0.43858],[66972.5,0.16839],[66971.52,0.00009],[66971.51,0.08426],[66970.67,0.02],[66970.11,0.00012],[66969.87,1.28359],[66969.85,0.86733],[66969.84,2.88077],[66968.8,0.01493]],"asks":[[66981.6,0.26751],[66983.11,0.05222],[66983.19,0.02401],[66983.82,0.06],[66986.6,0.03508],[66986.64,0.00009],[66989.16,0.00009],[66989.64,0.07928],[66989.65,0.04],[66989.97,0.19835],[66990.16,0.00012],[66990.39,0.29844],[66990.4,0.08],[66990.5,0.08],[66990.99,0.08],[66991,0.08],[66991.68,0.00009],[66993.06,0.081],[66995.18,0.16337],[66995.19,0.29844]]}
{"type":"tick","time":1775234699651,"price":66981.59,"bids":[[66981.59,0.31248],[66981.58,0.01109],[66979.08,0.0794],[66979.07,0.26599],[66977.2,0.02319],[66976.28,0.0183],[66976.27,0.04132],[66974.04,0.00009],[66973.89,0.01119],[66973.77,0.01119],[66972.52,0.43858],[66972.5,0.16839],[66971.52,0.00009],[66971.51,0.08426],[66970.67,0.02],[66970.11,0.00012],[66969.87,1.28359],[66969.85,0.86733],[66969.84,2.88077],[66968.8,0.01493]],"asks":[[66981.6,0.26733],[66983.11,0.02508],[66983.19,0.02401],[66983.82,0.06],[66986.6,0.03508],[66986.64,0.00009],[66989.16,0.00009],[66989.64,0.07928],[66989.65,0.04],[66989.97,0.19835],[66990.16,0.00012],[66990.39,0.29844],[66990.4,0.08],[66990.5,0.08],[66990.99,0.08],[66991,0.08],[66991.68,0.00009],[66993.06,0.081],[66994.2,0.00009],[66995.18,0.16337]]}
{"type":"tick","time":1775234700854,"price":66981.6,"bids":[[66981.59,0.3695],[66981.58,0.0111],[66979.18,0.02319],[66979.08,0.0794],[66979.07,0.26599],[66976.28,0.0183],[66976.27,0.04132],[66974.04,0.00009],[66973.89,0.01119],[66973.77,0.01119],[66972.52,0.43858],[66972.5,0.16839],[66971.52,0.00009],[66971.51,0.08426],[66970.67,0.02],[66970.11,0.00012],[66969.87,1.28359],[66969.85,0.86733],[66969.84,2.88077],[66969,0.00009]],"asks":[[66981.6,0.1323],[66983.11,0.02508],[66983.19,0.02401],[66983.69,0.0931],[66983.82,0.02],[66986.64,0.00009],[66989.16,0.00009],[66989.63,0.04378],[66989.64,0.07828],[66989.65,0.04],[66989.66,0.04],[66989.97,0.11159],[66990.16,0.00012],[66990.39,0.29844],[66991.68,0.00009],[66993.06,0.081],[66994.2,0.00009],[66995.18,0.16337],[66995.19,0.29844],[66995.2,0.13]]}
{"type":"tick","time":1775234702117,"price":66981.6,"bids":[[66981.59,0.452],[66981.58,0.001],[66981,0.0728],[66980.5,0.0728],[66980.34,0.02319],[66979.19,0.10991],[66979.08,0.0794],[66979.07,0.26599],[66978.08,0.06],[66976.28,0.0183],[66976.27,0.04132],[66974.04,0.00009],[66973.89,0.01119],[66973.77,0.01119],[66972.53,0.08755],[66972.52,0.43858],[66972.5,0.16839],[66971.52,0.00009],[66971.51,0.08426],[66970.11,0.00012]],"asks":[[66981.6,0.00032],[66986.64,0.00009],[66987.15,0.02],[66988.24,0.09234],[66989.16,0.00009],[66989.63,0.04378],[66989.65,0.04],[66989.66,0.04],[66989.97,0.11159],[66990.16,0.00012],[66991.68,0.00009],[66993.06,0.081],[66994.2,0.00009],[66995.18,0.16337],[66995.2,0.13],[66995.86,0.02],[66996,0.13],[66996.32,0.00563],[66996.51,0.29844],[66996.72,0.00009]]}
{"type":"tick","time":1775234702742,"price":66987.14,"bids":[[66987.14,0.3551],[66986.48,0.01927],[66986.47,0.04136],[66984.7,0.02319],[66983.01,0.07477],[66983,0.0728],[66981.6,0.05407],[66981.59,0.1236],[66979.2,0.13012],[66979.07,0.26599],[66978.08,0.06],[66976.79,0.00012],[66976.28,0.09345],[66974.04,0.00009],[66973.89,0.01119],[66973.77,0.01119],[66973.27,0.29844],[66972.52,0.43858],[66972.5,0.16839],[66971.52,0.00009]],"asks":[[66987.15,0.30555],[66989.16,0.00009],[66990.16,0.00012],[66990.34,0.10678],[66991.68,0.00009],[66993.05,0.29844],[66993.46,0.02],[66993.84,0.04202],[66993.85,0.081],[66994.2,0.00009],[66994.26,0.04],[66996.13,0.02],[66996.72,0.00009],[66996.79,0.29844],[66996.84,0.00012],[66996.89,0.00012],[66998.33,0.014],[66998.34,0.38315],[66999.24,0.00009],[66999.99,0.29844]]}
{"type":"tick","time":1775234703270,"price":66987.15,"bids":[[66987.14,0.355],[66987.13,0.01025],[66986.47,0.04136],[66983.16,0.02319],[66983.01,0.03787],[66983,0.0728],[66981.6,0.05407],[66979.2,0.13012],[66979.07,0.26599],[66978.08,0.06],[66976.79,0.00012],[66976.56,0.00009],[66976.28,0.09345],[66974.04,0.00009],[66973.89,0.01119],[66973.77,0.01119],[66973.27,0.29844],[66972.52,0.43858],[66972.5,0.16839],[66971.52,0.00009]],"asks":[[66987.15,0.38655],[66989.16,0.00009],[66990.16,0.00012],[66990.34,0.10678],[66991.68,0.00009],[66993.05,0.29844],[66993.46,0.02],[66993.84,0.04202],[66993.85,0.081],[66994.2,0.00009],[66994.26,0.04],[66996.13,0.02],[66996.72,0.00009],[66996.79,0.29844],[66996.84,0.00012],[66996.89,0.00012],[66998.34,0.38315],[66999.24,0.00009],[66999.99,0.29844],[67000,0.73582]]}
{"type":"tick","time":1775234703914,"price":66987.15,"bids":[[66987.14,0.35492],[66987.13,0.01025],[66986.47,0.04136],[66985.48,0.89122],[66985.47,2.98565],[66983.16,0.02319],[66983.01,0.03787],[66983,0.0728],[66981.6,0.05407],[66979.2,0.13012],[66979.07,0.26599],[66978.08,0.06],[66976.79,0.00012],[66976.56,0.00009],[66976.28,0.09345],[66974.04,0.00009],[66973.89,0.01119],[66973.77,0.01119],[66973.27,0.29844],[66972.52,0.43858]],"asks":[[66987.15,0.38645],[66989.16,0.00009],[66990.16,0.00012],[66990.34,0.10678],[66991.68,0.00009],[66993.05,0.29844],[66993.46,0.02],[66993.84,0.04202],[66993.85,0.081],[66994.2,0.00009],[66994.26,0.04],[66996.13,0.02],[66996.72,0.00009],[66996.79,0.29844],[66996.84,0.00012],[66996.89,0.00012],[66998.34,0.38315],[66999.24,0.00009],[66999.99,0.29844],[67000,0.73582]]}
{"type":"tick","time":1775234706148,"price":66987.14,"bids":[[66987.14,0.46219],[66987.13,0.01775],[66986.47,0.04136],[66985.48,0.89122],[66985.47,2.98565],[66984.87,0.02319],[66983.01,0.03787],[66983,0.0728],[66981.6,0.05416],[66979.2,0.13012],[66979.07,0.26599],[66978.08,0.06],[66976.79,0.00012],[66976.56,0.00009],[66976.28,0.09345],[66974.04,0.00009],[66973.89,0.01119],[66973.77,0.01119],[66973.27,0.29844],[66972.52,0.43858]],"asks":[[66987.15,0.13211],[66989.07,0.02718],[66989.16,0.00009],[66990.16,0.00012],[66991.68,0.00009],[66993.46,0.02],[66993.84,0.04202],[66993.85,0.081],[66994.2,0.00009],[66994.26,0.04],[66996.13,0.02],[66996.72,0.00009],[66996.79,0.29844],[66996.84,0.00012],[66996.89,0.00012],[66998.34,0.38315],[66999.24,0.04009],[66999.99,0.29844],[67000,0.73582],[67000.8,0.13]]}
{"type":"tick","time":1775234708596,"price":66987.15,"bids":[[66987.14,0.3383],[66987.13,0.01775],[66986.47,0.04136],[66985.48,0.89122],[66985.47,2.98565],[66984.87,0.02319],[66983.01,0.03787],[66983,0.0728],[66981.6,0.05416],[66979.2,0.13012],[66979.08,0.00009],[66979.07,0.26599],[66978.08,0.06],[66976.79,0.00012],[66976.56,0.00009],[66976.28,0.09345],[66974.04,0.00009],[66973.89,0.01119],[66973.77,0.01119],[66973.27,0.29844]],"asks":[[66987.15,0.12213],[66988.68,0.03565],[66988.69,0.09215],[66989.07,0.02718],[66989.16,0.00009],[66990.16,0.00012],[66991.68,0.00009],[66993.46,0.02],[66993.83,0.12122],[66993.84,0.29844],[66993.85,0.081],[66994.2,0.00009],[66994.26,0.04],[66996.13,0.02],[66996.72,0.00009],[66996.79,0.29844],[66996.84,0.00012],[66996.89,0.00012],[66998.34,0.38315],[66999.24,0.04009]]}
{"type":"tick","time":1775234709198,"price":66987.15,"bids":[[66987.14,0.3383],[66987.13,0.01775],[66986.47,0.04136],[66985.48,0.89122],[66985.47,2.98565],[66984.87,0.02319],[66983.01,0.03787],[66983,0.0728],[66981.6,0.05416],[66979.2,0.13012],[66979.08,0.00009],[66979.07,0.26599],[66978.08,0.06],[66976.79,0.00012],[66976.56,0.00009],[66976.28,0.09345],[66974.04,0.00009],[66973.89,0.01119],[66973.77,0.01119],[66973.27,0.29844]],"asks":[[66987.15,0.12197],[66988.68,0.03565],[66988.69,0.09215],[66989.07,0.02718],[66989.16,0.00009],[66990.16,0.00012],[66991.68,0.00009],[66993.46,0.02],[66993.83,0.12122],[66993.84,0.29844],[66993.85,0.081],[66994.2,0.00009],[66994.26,0.04],[66996.13,0.02],[66996.72,0.00009],[66996.79,0.29844],[66996.84,0.00012],[66996.89,0.00012],[66998.34,0.38315],[66999.24,0.04009]]}
{"type":"tick","time":1775234710367,"price":66987.14,"bids":[[66987.14,0.06899],[66987.13,0.01775],[66986.47,0.04136],[66985.48,0.89122],[66985.47,2.98565],[66984.87,0.02319],[66983.01,0.03787],[66983,0.0728],[66981.6,0.05416],[66980.44,0.081],[66979.2,0.13012],[66979.08,0.00009],[66979.07,0.26599],[66978.08,0.06],[66976.79,0.00012],[66976.56,0.00009],[66976.28,0.09345],[66974.04,0.00009],[66973.89,0.01119],[66973.77,0.01119]],"asks":[[66987.15,0.23071],[66988.68,0.03565],[66988.69,0.09215],[66989.07,0.02718],[66989.16,0.00009],[66990.16,0.00012],[66991.68,0.00009],[66993.46,0.02],[66993.82,0.10361],[66993.83,0.12122],[66993.84,0.29844],[66993.85,0.081],[66994.2,0.00009],[66994.26,0.04],[66996.13,0.02],[66996.72,0.00009],[66996.79,0.29844],[66996.84,0.00012],[66996.89,0.00012],[66998.34,0.38315]]}
{"type":"tick","time":1775234711018,"price":66984.12,"bids":[[66984.11,0.69399],[66984,0.0728],[66983,0.0728],[66982.5,0.0728],[66982,0.0728],[66980.5,0.0728],[66979.87,0.29844],[66979.08,0.008],[66979.07,0.26599],[66979.06,0.00037],[66979,0.0728],[66976.79,0.00012],[66976.56,0.00009],[66975.58,0.06],[66974.04,0.00009],[66973.21,0.04042],[66972.56,0.98515],[66972.54,0.29844],[66972.5,0.16839],[66971.52,0.00009]],"asks":[[66984.12,0.00066],[66986.48,0.04],[66989.07,0.02718],[66989.16,0.00009],[66990.16,0.00012],[66991.68,0.00009],[66993.8,0.14583],[66993.85,0.081],[66993.96,0.06],[66994.2,0.00009],[66996.13,0.02],[66996.72,0.00009],[66996.84,0.00012],[66996.89,0.00012],[66998.34,0.38315],[66999.24,0.00009],[67000,0.86582],[67000.78,0.51736],[67001.76,0.00009],[67001.82,0.081]]}
{"type":"tick","time":1775234715349,"price":66986.47,"bids":[[66986.47,0.76987],[66986.46,0.00529],[66986,0.0728],[66985.51,0.07211],[66985.5,0.0728],[66985,0.0728],[66984.41,0.02319],[66984,0.0728],[66983.01,0.07744],[66983,0.0728],[66982.77,0.04103],[66982.5,0.0728],[66982,0.0728],[66979.88,0.17104],[66979.87,0.29844],[66979.77,0.081],[66979.08,0.00809],[66979.07,0.26599],[66977.15,0.02674],[66976.79,0.00012]],"asks":[[66986.48,0.10458],[66989.07,0.02718],[66989.16,0.00009],[66989.98,0.03937],[66989.99,0.1318],[66991.68,0.00009],[66993.8,0.04809],[66993.85,0.081],[66993.96,0.06],[66994.2,0.00009],[66996.13,0.02],[66996.72,0.00009],[66996.84,0.00012],[66996.89,0.00012],[66997.74,0.08066],[66997.75,0.00563],[66997.83,0.00563],[66998.33,0.08203],[66999.24,0.00009],[66999.97,0.07756]]}
{"type":"tick","time":1775234716047,"price":66980.28,"bids":[[66980.27,0.1909],[66980.26,0.00153],[66979.08,0.00009],[66979.07,0.26599],[66976.79,0.00012],[66976.56,0.00009],[66974.79,0.04071],[66974.04,0.00009],[66972.57,0.07548],[66972.5,0.16839],[66971.52,0.00009],[66971.51,0.08426],[66970.57,0.02],[66970.11,0.00012],[66969.75,0.12096],[66969.64,0.01119],[66969.57,0.05166],[66969,0.00009],[66968.8,0.01493],[66968.49,0.29844]],"asks":[[66980.28,0.43685],[66981.5,0.03367],[66981.51,0.04],[66983,0.0728],[66983.5,0.0728],[66983.99,0.09139],[66984,0.0728],[66985,0.0728],[66985.5,0.0728],[66985.52,0.02761],[66986.64,0.00009],[66986.97,0.03232],[66986.98,0.081],[66989.07,0.02718],[66989.16,0.00009],[66990.16,0.00012],[66991.68,0.00009],[66993.36,0.08416],[66993.37,0.13095],[66993.38,0.29844]]}
{"type":"tick","time":1775234716766,"price":66980.27,"bids":[[66980.27,0.01636],[66980.26,0.00153],[66979.08,0.00009],[66979.07,0.26599],[66976.79,0.00012],[66976.56,0.00009],[66976.22,0.0191],[66976.21,0.02319],[66974.79,0.04071],[66974.04,0.00009],[66972.57,0.07548],[66972.5,0.16839],[66971.52,0.00009],[66971.51,0.08426],[66970.11,0.00012],[66969.75,0.12096],[66969.64,0.01119],[66969,0.00009],[66968.8,0.01493],[66968.49,0.29844]],"asks":[[66980.28,0.44024],[66980.79,0.17962],[66980.8,0.13],[66981.51,0.04],[66981.6,0.13],[66982.4,0.13],[66983,0.0728],[66983.2,0.13],[66983.5,0.0728],[66983.99,0.09139],[66984,0.2028],[66985,0.0728],[66985.5,0.0728],[66985.52,0.02761],[66986.64,0.00009],[66986.97,0.03232],[66986.98,0.081],[66989.07,0.02718],[66989.16,0.00009],[66990.16,0.00012]]}
{"type":"tick","time":1775234718169,"price":66979.07,"bids":[[66979.07,0.26599],[66976.79,0.00012],[66976.56,0.00009],[66974.8,0.0191],[66974.79,0.04071],[66974.46,0.02319],[66974.04,0.00009],[66972.57,0.07548],[66972.5,0.16839],[66971.52,0.00009],[66971.51,0.08426],[66970.11,0.00012],[66969.75,0.12096],[66969.64,0.01119],[66969,0.00009],[66968.8,0.01493],[66968.49,0.29844],[66967.55,0.01119],[66967.27,0.02731],[66967.17,0.02]],"asks":[[66979.08,0.73293],[66979.2,0.13],[66979.99,0.2416],[66980,0.13],[66980.28,0.02962],[66980.8,0.13],[66981.5,0.0728],[66981.51,0.04],[66981.6,0.13],[66982.4,0.13],[66983,0.0728],[66983.49,0.0517],[66983.5,0.0728],[66984,0.0728],[66984.12,0.00009],[66985.52,0.02761],[66986.64,0.00009],[66986.97,0.03232],[66986.98,0.081],[66989.16,0.00009]]}
{"type":"tick","time":1775234719939,"price":66972.9,"bids":[[66972.9,0.31501],[66972.89,0.00067],[66972.57,0.0513],[66972.5,0.08739],[66971.52,0.00009],[66971.51,0.08426],[66970.11,0.00012],[66969.75,0.02344],[66969.64,0.01119],[66969,0.00009],[66968.08,0.04036],[66967.55,0.01119],[66966.48,0.00009],[66965.75,0.38504],[66965.74,1.28359],[66964.44,0.02764],[66964.23,0.008],[66964,0.05265],[66963.96,0.00009],[66963.87,0.02]],"asks":[[66972.91,0.65073],[66973.49,0.00031],[66973.59,0.15522],[66973.6,0.13],[66974.4,0.13],[66975.2,0.13],[66976,0.13],[66976.79,0.148],[66976.8,0.13],[66978,0.0728],[66979.06,0.00603],[66979.07,0.25654],[66979.08,0.00009],[66979.61,0.081],[66980.27,0.01992],[66980.28,0.02672],[66981.51,0.04],[66983.48,0.00012],[66984.12,0.00009],[66985.5,0.02607]]}
{"type":"tick","time":1775234720616,"price":66972.51,"bids":[[66972.5,0.27187],[66972.49,0.0001],[66971.52,0.02528],[66971.51,0.08426],[66970.11,0.00012],[66969.75,0.02344],[66969.64,0.01119],[66969,0.00009],[66968.08,0.04036],[66967.55,0.01119],[66966.48,0.00009],[66965.75,0.38504],[66965.74,1.28359],[66964.23,0.008],[66963.96,0.00009],[66963.87,0.02],[66963.67,0.04],[66963.43,0.00012],[66962.62,0.29844],[66962.61,0.33868]],"asks":[[66972.51,0.66645],[66972.8,0.13],[66972.89,0.15531],[66973.49,0.00031],[66973.6,0.13],[66974.4,0.13],[66975.2,0.13],[66976,0.13],[66976.79,0.148],[66978,0.0728],[66979.07,0.24],[66979.08,0.00009],[66979.61,0.081],[66980.27,0.01992],[66980.28,0.02672],[66981.51,0.04],[66983.48,0.00012],[66984.12,0.00009],[66985.5,0.02607],[66985.51,0.05973]]}
{"type":"tick","time":1775234721509,"price":66972.5,"bids":[[66972.5,0.31274],[66972.49,0.00041],[66971.52,0.02528],[66971.51,0.08426],[66970.11,0.00012],[66969.75,0.02344],[66969.64,0.01119],[66969,0.00009],[66968.08,0.04036],[66967.55,0.01119],[66966.48,0.00009],[66965.75,0.38504],[66965.74,1.28359],[66964.23,0.008],[66963.96,0.00009],[66963.87,0.02],[66963.67,0.04],[66963.43,0.00012],[66962.62,0.29844],[66962.61,0.33868]],"asks":[[66972.51,0.66627],[66972.8,0.13],[66972.89,0.15531],[66973.49,0.00031],[66973.6,0.13],[66974.4,0.13],[66975.2,0.13],[66976,0.13],[66976.79,0.148],[66978,0.0728],[66979.07,0.24],[66979.08,0.00009],[66979.61,0.081],[66980.27,0.01992],[66980.28,0.02672],[66981.51,0.04],[66983.48,0.00012],[66984.12,0.00009],[66985.5,0.02607],[66985.51,0.05973]]}
{"type":"tick","time":1775234723160,"price":66981.46,"bids":[[66981.45,0.4439],[66981.44,0.00041],[66979.74,0.0112],[66979.08,0.02173],[66977.5,0.0728],[66976.4,0.13625],[66976.39,0.29844],[66976.14,0.00396],[66976,0.0728],[66975.05,0.08116],[66974.04,0.00009],[66972.88,0.081],[66972.81,0.33611],[66972.8,1.29159],[66972.79,0.08081],[66972.5,0.12908],[66971.52,0.00009],[66971.51,0.08426],[66971.37,0.06],[66970.11,0.00012]],"asks":[[66981.46,0.18705],[66981.6,0.00009],[66983.48,0.00012],[66983.64,0.0682],[66983.65,0.10962],[66983.93,0.009],[66984.12,0.00009],[66985.52,0.02761],[66986.64,0.00009],[66989.16,0.08761],[66989.19,0.02],[66990.16,0.00012],[66991.68,0.00009],[66993.82,0.10809],[66993.83,0.19657],[66993.84,0.29844],[66993.85,0.081],[66993.97,0.05174],[66994.2,0.00009],[66995.2,0.13]]}
{"type":"tick","time":1775234723663,"price":66981.45,"bids":[[66981.45,0.04126],[66981.44,0.00041],[66979.74,0.0112],[66977.5,0.0728],[66976.94,0.01119],[66976.14,0.00396],[66976,0.0728],[66975.05,0.08116],[66974.04,0.00009],[66973.46,0.02319],[66972.89,0.11443],[66972.88,0.081],[66972.79,0.08081],[66972.5,0.12908],[66971.52,0.00009],[66971.51,0.08426],[66970.11,0.00012],[66969.75,0.02344],[66969,0.00009],[66968.87,0.02]],"asks":[[66981.46,0.51442],[66981.6,0.00009],[66982,0.0728],[66982.49,0.02173],[66982.5,0.0728],[66983.48,0.00012],[66983.93,0.009],[66984.12,0.00009],[66985.48,0.14975],[66985.49,0.39196],[66985.52,0.02761],[66986.64,0.00009],[66989.09,0.29844],[66989.16,0.00009],[66989.18,0.05973],[66989.19,0.02],[66990.16,0.00012],[66991.68,0.00009],[66993.83,0.25016],[66993.84,0.29844]]}
{"type":"tick","time":1775234724418,"price":66981.45,"bids":[[66981.45,0.02485],[66981.44,0.00017],[66977.5,0.0728],[66976.94,0.01119],[66976,0.0728],[66975.05,0.08116],[66974.04,0.00009],[66973.22,0.02319],[66972.88,0.081],[66972.79,0.08081],[66972.5,0.12908],[66971.52,0.00009],[66971.51,0.08426],[66970.11,0.00012],[66969.75,0.02344],[66969,0.00009],[66968.08,0.04036],[66966.48,0.00009],[66966.18,0.01493],[66966.07,0.02]],"asks":[[66981.46,0.51102],[66981.47,0.02744],[66981.5,0.0728],[66981.6,0.00009],[66981.99,0.04346],[66982,0.0728],[66982.5,0.0728],[66983.48,0.00012],[66983.93,0.009],[66984.12,0.00009],[66985.47,0.07351],[66985.48,0.08699],[66985.49,0.29844],[66985.52,0.02761],[66986.64,0.00009],[66989.07,0.11331],[66989.09,0.29844],[66989.16,0.00009],[66989.19,0.02],[66990.16,0.00012]]}
{"type":"tick","time":1775234726531,"price":66975.05,"bids":[[66975.05,0.26421],[66974.09,0.02319],[66974.04,0.00009],[66972.8,0.08787],[66972.79,0.08081],[66972.5,0.12908],[66971.52,0.00009],[66971.51,0.08426],[66970.11,0.00012],[66969,0.00009],[66968.51,0.01119],[66968.36,0.03623],[66968.35,0.081],[66968.27,0.0112],[66968.08,0.04036],[66966.48,0.00009],[66965.79,0.09751],[66965.74,0.29844],[66964.23,0.008],[66963.96,0.00009]],"asks":[[66975.06,0.34458],[66976,0.06519],[66977.5,0.0728],[66978,0.0728],[66978.5,0.0728],[66979.99,0.06673],[66980,0.0728],[66981.46,0.09823],[66981.47,0.02744],[66981.6,0.00009],[66983.48,0.00012],[66983.93,0.009],[66984.12,0.00009],[66985.48,0.08699],[66985.49,0.29844],[66986.64,0.00009],[66988.8,0.13],[66989.04,0.05973],[66989.05,0.38915],[66989.06,0.98515]]}
{"type":"tick","time":1775234727488,"price":66975.06,"bids":[[66975.05,0.11981],[66974.09,0.02319],[66974.04,0.00009],[66973.38,2.77588],[66972.8,0.08787],[66972.79,0.08081],[66972.5,0.12908],[66971.52,0.00009],[66971.51,0.08426],[66970.11,0.00012],[66969,0.00009],[66968.51,0.01119],[66968.36,0.03623],[66968.35,0.081],[66968.27,0.0112],[66968.08,0.04036],[66966.48,0.00009],[66965.79,0.09751],[66965.74,0.29844],[66964.23,0.008]],"asks":[[66975.06,0.34607],[66976,0.06519],[66976.39,0.02701],[66977.5,0.0728],[66978,0.0728],[66978.5,0.0728],[66979.99,0.06673],[66980,0.0728],[66981.46,0.09823],[66981.47,0.02744],[66981.6,0.00009],[66983.48,0.00012],[66983.93,0.009],[66984.12,0.00009],[66985.48,0.08699],[66985.49,0.29844],[66986.64,0.00009],[66988.8,0.13],[66989.04,0.05973],[66989.05,0.38915]]}
{"type":"tick","time":1775234728414,"price":66975.05,"bids":[[66975.05,0.25331],[66974.09,0.02319],[66974.04,0.00009],[66973.39,0.8286],[66973.38,2.77588],[66972.79,0.08081],[66972.5,0.12908],[66971.52,0.00009],[66971.51,0.08426],[66970.11,0.00012],[66969,0.00009],[66968.51,0.01119],[66968.36,0.03623],[66968.35,0.081],[66968.27,0.0112],[66968.08,0.04036],[66966.48,0.00009],[66965.79,0.09751],[66965.74,0.29844],[66964.23,0.008]],"asks":[[66975.06,0.34511],[66976,0.06519],[66976.39,0.02701],[66977.5,0.0728],[66978,0.0728],[66978.5,0.0728],[66979.99,0.06673],[66980,0.0728],[66981.46,0.09823],[66981.47,0.02744],[66981.6,0.00009],[66982.56,0.04],[66983.48,0.00012],[66983.93,0.009],[66984.12,0.00009],[66985.48,0.08699],[66985.49,0.29844],[66986.64,0.00009],[66988.8,0.13],[66989.04,0.05973]]}
{"type":"tick","time":1775234728975,"price":66975.06,"bids":[[66975.05,0.32439],[66974.09,0.02319],[66974.04,0.00009],[66973.39,0.8286],[66973.38,2.77588],[66972.8,0.08787],[66972.79,0.08081],[66972.5,0.12908],[66971.52,0.00009],[66971.51,0.08426],[66970.11,0.00012],[66969,0.00009],[66968.51,0.01119],[66968.36,0.03623],[66968.35,0.081],[66968.27,0.0112],[66968.08,0.04036],[66966.48,0.00009],[66965.79,0.09751],[66965.74,0.29844]],"asks":[[66975.06,0.32758],[66976,0.06519],[66976.39,0.02701],[66977.5,0.0728],[66978,0.0728],[66978.5,0.0728],[66979.99,0.06673],[66980,0.0728],[66981.46,0.09823],[66981.47,0.02744],[66981.6,0.00009],[66982.56,0.04],[66983.48,0.00012],[66983.93,0.009],[66984.12,0.00009],[66985.48,0.08699],[66985.49,0.29844],[66986.64,0.00009],[66988.8,0.13],[66989.04,0.05973]]}
{"type":"tick","time":1775234731667,"price":66975.06,"bids":[[66975.05,0.11963],[66974.04,0.00009],[66973.38,2.77588],[66972.8,0.09479],[66972.79,0.08081],[66972.68,0.02319],[66972.5,0.12908],[66971.52,0.00009],[66971.51,0.08426],[66970.11,0.00012],[66969,0.00009],[66968.51,0.01119],[66968.36,0.03623],[66968.35,0.081],[66968.27,0.0112],[66968.08,0.04036],[66966.48,0.00009],[66965.79,0.09751],[66965.74,0.29844],[66964.23,0.008]],"asks":[[66975.06,0.34784],[66976,0.06519],[66976.39,0.02701],[66977.5,0.0728],[66978,0.0728],[66978.5,0.0728],[66979.99,0.06673],[66980,0.0728],[66981.46,0.09823],[66981.47,0.02744],[66981.6,0.00009],[66982.56,0.04],[66983.48,0.00012],[66983.93,0.009],[66984.12,0.00009],[66985.48,0.08699],[66985.49,0.29844],[66986.64,0.00009],[66988.8,0.13],[66989.04,0.05973]]}
{"type":"tick","time":1775234732866,"price":66975.05,"bids":[[66975.05,0.07956],[66974.04,0.00009],[66973.38,2.77588],[66972.79,0.08081],[66972.5,0.12908],[66971.52,0.00009],[66971.51,0.08426],[66970.11,0.00012],[66969,0.00009],[66968.51,0.01119],[66968.35,0.081],[66968.27,0.0112],[66968.08,0.04036],[66966.48,0.00009],[66965.79,0.09751],[66964.23,0.008],[66963.96,0.00009],[66963.43,0.00012],[66963.07,0.04],[66962.77,0.02693]],"asks":[[66975.06,0.4172],[66976,0.13799],[66976.39,0.02701],[66976.5,0.0728],[66977.5,0.0728],[66978,0.0728],[66978.5,0.0728],[66979.99,0.06673],[66980,0.0728],[66981.45,0.29844],[66981.46,0.03823],[66981.47,0.02744],[66981.6,0.00009],[66982.56,0.04],[66983.48,0.00012],[66983.93,0.009],[66984.12,0.00009],[66985.47,0.09417],[66985.48,0.08699],[66985.49,0.29844]]}
{"type":"tick","time":1775234733622,"price":66973.39,"bids":[[66973.38,2.7766],[66972.79,0.08081],[66972.5,0.12908],[66971.52,0.00009],[66971.51,0.08426],[66970.11,0.00012],[66969.86,0.02319],[66969,0.00009],[66968.51,0.01119],[66968.36,0.04649],[66968.35,0.081],[66968.27,0.0112],[66968.08,0.04036],[66966.48,0.00009],[66963.96,0.00009],[66963.43,0.00012],[66963.08,0.01794],[66961.87,0.02],[66961.44,0.00009],[66960.67,0.04]],"asks":[[66973.39,0.84155],[66975.03,0.06284],[66975.06,0.00259],[66976,0.0728],[66976.39,0.02701],[66976.5,0.0728],[66977.49,0.14597],[66977.5,0.0728],[66978,0.0728],[66978.49,0.29844],[66978.5,0.0728],[66979.08,0.00009],[66979.99,0.13385],[66981.45,0.29844],[66981.46,0.03799],[66981.47,0.02744],[66981.6,0.00009],[66983.48,0.00012],[66983.93,0.009],[66984.12,0.00009]]}
{"type":"tick","time":1775234734385,"price":66973.38,"bids":[[66973.38,2.7766],[66972.79,0.08081],[66972.5,0.12908],[66971.52,0.00009],[66971.51,0.08426],[66970.11,0.00012],[66969.86,0.02319],[66969,0.00009],[66968.51,0.01119],[66968.36,0.04649],[66968.35,0.081],[66968.27,0.0112],[66968.08,0.04036],[66966.48,0.00009],[66963.96,0.00009],[66963.43,0.00012],[66963.08,0.01794],[66961.87,0.02],[66961.44,0.00009],[66960.67,0.04]],"asks":[[66973.39,0.84132],[66975.03,0.06284],[66976,0.0728],[66976.39,0.02701],[66976.5,0.0728],[66977.49,0.14597],[66977.5,0.0728],[66978,0.0728],[66978.49,0.29844],[66978.5,0.0728],[66979.08,0.00009],[66979.99,0.13385],[66981.45,0.29844],[66981.46,0.03799],[66981.47,0.02744],[66981.6,0.00009],[66983.48,0.00012],[66983.93,0.009],[66984.12,0.00009],[66985.48,0.08699]]}
{"type":"tick","time":1775234735896,"price":66973.39,"bids":[[66973.38,2.20344],[66971.52,0.00009],[66969,0.00009],[66967.05,0.02319],[66966.69,0.02418],[66966.68,0.081],[66966.48,0.00009],[66963.96,0.00009],[66963.92,0.01119],[66963.43,0.00012],[66962.67,0.0112],[66961.44,0.00009],[66961.43,0.03622],[66961.42,0.04034],[66959.98,0.081],[66958.92,0.00009],[66957.38,0.10703],[66957.37,0.29844],[66957.17,0.06],[66956.75,0.00012]],"asks":[[66973.39,0.95622],[66973.5,0.1001],[66973.6,0.13],[66974.4,0.13],[66974.49,0.19844],[66974.5,0.0728],[66975.2,0.13],[66976,0.2028],[66976.39,0.02701],[66976.5,0.0728],[66976.79,0.013],[66976.8,0.13],[66977.49,0.1514],[66977.5,0.0728],[66978,0.0728],[66978.49,0.29844],[66978.5,0.0728],[66979.08,0.00009],[66979.99,0.13385],[66981.01,0.02]]}
{"type":"tick","time":1775234736489,"price":66973.38,"bids":[[66973.38,2.20344],[66971.52,0.00009],[66969,0.00009],[66967.05,0.02319],[66966.69,0.02418],[66966.68,0.081],[66966.48,0.00009],[66963.96,0.00009],[66963.92,0.01119],[66963.43,0.00012],[66962.67,0.0112],[66961.44,0.00009],[66961.43,0.03622],[66961.42,0.04034],[66959.98,0.081],[66958.92,0.00009],[66957.38,0.10703],[66957.37,0.29844],[66957.17,0.06],[66956.75,0.00012]],"asks":[[66973.39,0.93914],[66973.5,0.1001],[66973.6,0.13],[66974.4,0.13],[66974.49,0.19844],[66974.5,0.0728],[66975.2,0.13],[66976,0.2028],[66976.39,0.02701],[66976.5,0.0728],[66976.79,0.013],[66976.8,0.13],[66977.49,0.1514],[66977.5,0.0728],[66978,0.0728],[66978.49,0.29844],[66978.5,0.0728],[66979.08,0.00009],[66979.99,0.13385],[66981.01,0.02]]}
{"type":"tick","time":1775234737385,"price":66963.97,"bids":[[66963.96,0.18518],[66963.43,0.00012],[66961.44,0.00009],[66961.43,0.04314],[66961.42,0.04034],[66960.94,0.02319],[66959.98,0.081],[66958.92,0.00009],[66956.75,0.00012],[66956.4,0.08327],[66954.61,0.08911],[66954.6,0.08858],[66954.59,0.29844],[66953.88,0.00009],[66952.93,0.01493],[66952.03,0.16567],[66951.77,0.29844],[66951.36,0.00009],[66951.27,0.06],[66951.02,0.0112]],"asks":[[66963.97,0.63348],[66963.99,0.06376],[66964,0.13],[66966.49,0.10024],[66967.19,0.06054],[66967.2,0.13],[66967.5,0.0728],[66970.39,0.11642],[66970.4,0.13],[66972,0.13],[66972.8,0.13],[66973.19,0.081],[66973.38,0.008],[66973.39,0.09784],[66973.5,0.0273],[66975.19,0.29844],[66976.56,0.00009],[66976.79,0.013],[66976.8,0.00012],[66977.69,0.00563]]}
{"type":"tick","time":1775234738286,"price":66963.96,"bids":[[66963.96,0.36324],[66963.43,0.00012],[66961.44,0.00009],[66961.43,0.01896],[66961.42,0.04034],[66960.94,0.02319],[66958.92,0.00009],[66956.75,0.00012],[66956.4,0.08327],[66954.61,0.08911],[66954.6,0.08858],[66954.59,0.29844],[66953.88,0.00009],[66952.93,0.01493],[66952.03,0.16567],[66951.77,0.29844],[66951.36,0.00009],[66951.27,0.06],[66951.02,0.0112],[66950.91,0.17145]],"asks":[[66963.97,0.30725],[66963.99,0.17699],[66964,0.13],[66964.8,0.13],[66965.6,0.13],[66966.4,0.13],[66966.49,0.10024],[66967.19,0.06054],[66967.2,0.13],[66967.5,0.0728],[66973.18,0.02418],[66973.19,0.081],[66973.38,0.008],[66973.39,0.09784],[66973.5,0.0273],[66975.19,0.29844],[66976.56,0.00009],[66976.79,0.013],[66976.8,0.00012],[66977.69,0.00563]]}
{"type":"tick","time":1775234739497,"price":66963.97,"bids":[[66963.96,0.38494],[66963.43,0.00012],[66962.6,0.02319],[66961.44,0.00009],[66958.93,0.03684],[66958.92,0.08296],[66956.75,0.00012],[66956.53,0.04034],[66956.4,0.08327],[66954.62,0.98515],[66954.61,0.08911],[66954.59,0.29844],[66953.88,0.00009],[66952.93,0.01493],[66952.03,0.16567],[66951.77,0.29844],[66951.36,0.00009],[66951.27,0.06],[66951.02,0.0112],[66950.91,0.17145]],"asks":[[66963.97,0.20166],[66963.99,0.17699],[66964,0.13],[66964.8,0.13],[66965.6,0.13],[66966.4,0.13],[66966.49,0.10024],[66967.19,0.06054],[66967.2,0.13],[66967.5,0.0728],[66971.52,0.00009],[66973.18,0.02418],[66973.19,0.081],[66973.38,0.008],[66973.39,0.09784],[66973.5,0.0273],[66975.19,0.29844],[66976.56,0.00009],[66976.79,0.013],[66976.8,0.00012]]}
{"type":"tick","time":1775234741073,"price":66963.96,"bids":[[66963.96,0.38494],[66963.53,0.02319],[66963.43,0.00012],[66961.44,0.00009],[66958.99,0.03546],[66958.98,0.07823],[66958.92,0.00009],[66956.75,0.00012],[66956.53,0.04034],[66956.4,0.00009],[66954.64,0.07684],[66954.63,0.38318],[66954.62,0.98515],[66954.59,0.29844],[66953.88,0.00009],[66953.31,0.027],[66952.93,0.01493],[66952.03,0.16567],[66951.77,0.29844],[66951.36,0.00009]],"asks":[[66963.97,0.14409],[66963.99,0.17699],[66964,0.13],[66964.8,0.13],[66965.6,0.13],[66966.29,0.0266],[66966.4,0.13],[66966.49,0.10024],[66967.19,0.06054],[66967.2,0.13],[66967.5,0.0728],[66971.52,0.00009],[66973.18,0.02418],[66973.19,0.081],[66973.38,0.008],[66973.39,0.09784],[66974.04,0.00009],[66975.19,0.29844],[66976.56,0.00009],[66976.79,0.013]]}
{"type":"tick","time":1775234741722,"price":66963.96,"bids":[[66963.96,0.36498],[66963.53,0.02319],[66963.43,0.00012],[66961.44,0.00009],[66959.03,0.03482],[66959.02,0.07611],[66958.92,0.00009],[66956.75,0.00012],[66956.53,0.04034],[66956.4,0.00009],[66954.64,0.07684],[66954.63,0.38318],[66954.62,0.98515],[66954.59,0.29844],[66953.88,0.00009],[66953.31,0.027],[66952.93,0.01493],[66952.03,0.16567],[66951.77,0.29844],[66951.36,0.00009]],"asks":[[66963.97,0.14409],[66963.99,0.17699],[66964,0.13],[66964.8,0.13],[66965.6,0.13],[66966.29,0.0266],[66966.4,0.13],[66966.49,0.10024],[66967.19,0.06054],[66967.2,0.13],[66967.5,0.0728],[66971.52,0.00009],[66973.18,0.02418],[66973.19,0.081],[66973.38,0.008],[66973.39,0.09784],[66974.04,0.00009],[66975.19,0.29844],[66976.56,0.00009],[66976.79,0.013]]}
{"type":"tick","time":1775234743266,"price":66963.43,"bids":[[66963.43,0.0002],[66961.44,0.00009],[66960.37,0.02319],[66958.92,0.00009],[66957.27,0.03626],[66957.26,0.081],[66956.75,0.00012],[66956.53,0.04034],[66956.4,0.00009],[66954.66,0.1189],[66954.65,0.29844],[66953.88,0.00009],[66952.93,0.01493],[66951.79,0.12031],[66951.78,0.29844],[66951.36,0.00009],[66951.27,0.06],[66951.02,0.0112],[66950.18,0.0132],[66950.07,0.00012]],"asks":[[66963.44,0.93514],[66963.96,0.21863],[66963.97,0.02578],[66964,0.13],[66964.5,0.0728],[66964.8,0.13],[66965,0.0728],[66965.6,0.13],[66966.29,0.0266],[66966.4,0.13],[66966.49,0.04024],[66967.19,0.06054],[66967.2,0.13],[66967.5,0.0728],[66969,0.00009],[66970.12,0.00012],[66971.52,0.00009],[66973.18,0.02418],[66973.19,0.081],[66973.38,0.008]]}
{"type":"tick","time":1775234746532,"price":66960.38,"bids":[[66960.37,0.25493],[66959.29,0.00152],[66959.25,0.01903],[66959.24,0.02319],[66958.92,0.00009],[66956.75,0.00012],[66956.53,0.04034],[66956.4,0.00009],[66954.66,0.1189],[66954.65,0.29844],[66953.88,0.00009],[66952.93,0.01493],[66952.41,0.02755],[66951.79,0.12031],[66951.78,0.29844],[66951.36,0.00009],[66951.27,0.06],[66951.02,0.0112],[66950.07,0.00012],[66949.77,0.02]],"asks":[[66960.38,0.78515],[66960.79,0.11642],[66960.8,0.13],[66961.6,0.13],[66962.4,0.13],[66963.2,0.13],[66963.42,0.16796],[66963.43,0.05289],[66963.44,0.27208],[66964,0.13],[66964.5,0.0728],[66965,0.0728],[66966.29,0.0266],[66966.48,0.00009],[66966.49,0.04024],[66969,0.00009],[66970.12,0.00012],[66971.52,0.00009],[66973.18,0.02418],[66973.19,0.081]]}
{"type":"tick","time":1775234747063,"price":66960.38,"bids":[[66960.37,0.25493],[66959.39,0.01948],[66959.38,0.02319],[66959.29,0.00152],[66958.92,0.00009],[66956.75,0.00012],[66956.53,0.04034],[66956.4,0.00009],[66954.66,0.1189],[66954.65,0.29844],[66953.88,0.00009],[66952.93,0.01493],[66952.41,0.02755],[66951.79,0.12031],[66951.78,0.29844],[66951.36,0.00009],[66951.27,0.06],[66951.02,0.0112],[66950.07,0.00012],[66949.77,0.02]],"asks":[[66960.38,0.78504],[66960.79,0.11642],[66960.8,0.13],[66961.6,0.13],[66962.4,0.13],[66963.2,0.13],[66963.42,0.16796],[66963.43,0.05289],[66963.44,0.27208],[66964,0.13],[66964.5,0.0728],[66965,0.0728],[66966.29,0.0266],[66966.48,0.00009],[66966.49,0.04024],[66969,0.00009],[66970.12,0.00012],[66971.52,0.00009],[66973.18,0.02418],[66973.19,0.081]]}
{"type":"tick","time":1775234747919,"price":66960.38,"bids":[[66960.37,0.25198],[66959.39,0.01948],[66959.38,0.02319],[66959.29,0.00152],[66958.92,0.00009],[66956.75,0.00012],[66956.53,0.04034],[66956.4,0.00009],[66954.66,0.1189],[66954.65,0.29844],[66953.88,0.00009],[66952.93,0.01493],[66952.41,0.02755],[66951.79,0.12031],[66951.78,0.29844],[66951.36,0.00009],[66951.27,0.06],[66951.02,0.0112],[66950.07,0.00012],[66949.77,0.02]],"asks":[[66960.38,0.78494],[66960.79,0.11642],[66960.8,0.13],[66961.6,0.13],[66962.4,0.13],[66963.2,0.13],[66963.42,0.16796],[66963.43,0.05289],[66963.44,0.27208],[66964,0.13],[66964.5,0.0728],[66965,0.0728],[66966.29,0.0266],[66966.48,0.00009],[66966.49,0.04024],[66969,0.00009],[66970.12,0.00012],[66971.52,0.00009],[66973.18,0.02418],[66973.19,0.081]]}
{"type":"tick","time":1775234752780,"price":66960.38,"bids":[[66960.37,0.65749],[66959.88,0.0112],[66959.51,0.05602],[66959.5,0.0728],[66959.29,0.00152],[66959,0.0728],[66958.92,0.00009],[66956.75,0.00012],[66956.53,0.04034],[66956.4,0.00009],[66954.47,0.11329],[66954.46,0.29844],[66953.88,0.00009],[66953.67,0.081],[66951.79,0.12031],[66951.78,0.29844],[66951.68,0.02656],[66951.36,0.00009],[66951.27,0.02],[66951.02,0.0112]],"asks":[[66960.38,0.02617],[66963.39,0.1519],[66963.44,0.12453],[66963.87,0.02],[66964.5,0.0728],[66965,0.0728],[66966.29,0.0266],[66966.48,0.00009],[66966.49,0.04024],[66967.37,0.04],[66969,0.00009],[66970.12,0.00012],[66971.52,0.00009],[66973.15,0.08538],[66973.19,0.081],[66973.38,0.008],[66973.67,0.02],[66974.04,0.00009],[66976.56,0.00009],[66976.78,0.07817]]}
{"type":"tick","time":1775234755969,"price":66960.37,"bids":[[66960.37,0.6185],[66960,0.0728],[66959.88,0.0112],[66959.51,0.11167],[66959.5,0.0728],[66959.29,0.00152],[66959,0.0728],[66958.92,0.00009],[66958.7,0.21042],[66956.75,0.00012],[66956.53,0.04034],[66956.4,0.00009],[66954.47,0.11329],[66954.46,0.29844],[66953.88,0.00009],[66953.67,0.081],[66951.79,0.12031],[66951.78,0.29844],[66951.68,0.02656],[66951.36,0.00009]],"asks":[[66960.38,0.0482],[66963.22,0.15193],[66963.44,0.12453],[66963.87,0.02],[66964.37,0.14131],[66964.5,0.0728],[66965,0.0728],[66966.29,0.0266],[66966.48,0.00009],[66966.49,0.04024],[66967.37,0.04],[66969,0.00009],[66970.12,0.00012],[66971.52,0.00009],[66972.74,0.06298],[66972.8,0.13],[66973.19,0.081],[66973.38,0.008],[66973.59,0.22969],[66973.6,0.13]]}
{"type":"tick","time":1775234757283,"price":66944.67,"bids":[[66944.66,0.42728],[66943.8,0.00009],[66943.71,0.02318],[66943.39,0.00012],[66941.28,0.00009],[66940.01,0.00475],[66938.76,0.00009],[66936.78,0.02586],[66936.77,0.08651],[66936.71,0.00012],[66936.24,0.00009],[66935.41,0.02773],[66935.09,0.54631],[66935.08,0.98515],[66935.05,0.29844],[66934.86,0.06],[66934.38,0.00475],[66933.85,0.08631],[66933.72,0.00009],[66932.35,0.06956]],"asks":[[66944.67,0.08674],[66945.06,0.06],[66946.28,0.05643],[66949.14,0.0351],[66949.15,0.11968],[66949.99,0.07035],[66950,0.0728],[66951.02,0.0547],[66951.03,0.081],[66951.37,0.02717],[66956.54,0.02755],[66956.76,0.00012],[66957.59,0.40241],[66957.6,0.13],[66957.73,0.081],[66958.3,0.02],[66958.4,0.13],[66958.44,0.32536],[66958.71,0.14489],[66959.11,0.05316]]}
{"type":"tick","time":1775234761071,"price":66949.76,"bids":[[66949.75,0.74202],[66947.61,0.02318],[66946.01,0.09079],[66946,0.0728],[66945.5,0.0728],[66945,0.0728],[66944.5,0.0728],[66943.8,0.00009],[66943.39,0.00012],[66941.28,0.00009],[66940.23,0.00475],[66940.01,0.00475],[66939.16,0.02],[66938.76,0.00009],[66937.76,0.08912],[66937.75,0.29844],[66936.86,0.04],[66936.71,0.00012],[66936.24,0.00009],[66935.42,0.02653]],"asks":[[66949.76,0.19624],[66949.99,0.06765],[66950,0.0728],[66951.35,0.12824],[66952.16,0.04],[66956.4,0.00009],[66956.54,0.02755],[66956.76,0.00012],[66957.7,0.19833],[66957.71,0.29844],[66957.73,0.081],[66958.3,0.02],[66958.34,0.04],[66958.44,0.02692],[66958.71,0.14489],[66959.11,0.05316],[66960.77,0.41228],[66960.78,0.29844],[66961.44,0.00009],[66962.39,0.98515]]}
{"type":"tick","time":1775234762038,"price":66949.75,"bids":[[66949.75,0.74182],[66949.51,0.07211],[66949.5,0.0728],[66949,0.0728],[66948.96,0.02318],[66948.5,0.0728],[66946.01,0.18841],[66946,0.0728],[66945.5,0.0728],[66945.27,0.04021],[66945,0.0728],[66944.5,0.0728],[66943.8,0.00009],[66943.76,0.04],[66943.4,0.29844],[66943.39,0.00012],[66941.28,0.00009],[66940.51,0.41343],[66940.5,0.98515],[66940.49,0.29844]],"asks":[[66949.76,0.04585],[66954.56,0.05348],[66954.57,0.02],[66955.21,0.12675],[66955.77,0.04],[66956.4,0.00009],[66956.54,0.02755],[66956.76,0.00012],[66956.92,0.07162],[66957.73,0.081],[66958.34,0.04],[66958.44,0.02692],[66958.71,0.14489],[66958.92,0.00009],[66960.77,0.04486],[66961.44,0.00009],[66961.6,0.02],[66962.4,0.13],[66963,0.01492],[66963.19,0.26361]]}
{"type":"tick","time":1775234764403,"price":66949.76,"bids":[[66949.75,0.76546],[66949.51,0.07211],[66949.5,0.0728],[66949,0.0728],[66948.5,0.0728],[66946.01,0.18841],[66946,0.0728],[66945.5,0.0728],[66945.27,0.04021],[66945,0.0728],[66944.5,0.0728],[66943.8,0.00009],[66943.76,0.04],[66943.4,0.29844],[66943.39,0.00012],[66941.28,0.00009],[66940.51,0.41343],[66940.5,0.98515],[66940.49,0.29844],[66940.23,0.00475]],"asks":[[66949.76,0.04601],[66953.06,0.02669],[66954.14,0.05591],[66954.15,0.1272],[66954.57,0.02],[66955.77,0.04],[66956.4,0.00009],[66956.54,0.02755],[66956.76,0.00012],[66956.92,0.06919],[66957.73,0.081],[66958.34,0.04],[66958.44,0.02692],[66958.71,0.14489],[66958.92,0.00009],[66960.07,0.05228],[66960.77,0.04486],[66961.44,0.00009],[66961.6,0.02],[66962.4,0.13]]}
{"type":"tick","time":1775234765516,"price":66949.76,"bids":[[66949.75,0.76512],[66949.51,0.07211],[66949.5,0.0728],[66949,0.0728],[66948.5,0.0728],[66946.01,0.18841],[66946,0.0728],[66945.5,0.0728],[66945.27,0.04021],[66945,0.0728],[66944.5,0.0728],[66943.8,0.00009],[66943.76,0.04],[66943.4,0.29844],[66943.39,0.00012],[66941.28,0.00009],[66940.51,0.41343],[66940.5,0.98515],[66940.49,0.29844],[66940.23,0.00475]],"asks":[[66949.76,0.02352],[66953.06,0.02669],[66954.56,0.01794],[66954.57,0.02],[66955.77,0.04],[66956.4,0.00009],[66956.54,0.02755],[66956.76,0.00012],[66956.92,0.10716],[66957.7,0.12827],[66957.73,0.081],[66958.34,0.04],[66958.44,0.02692],[66958.71,0.14489],[66958.92,0.00009],[66960.06,0.02606],[66960.07,0.05228],[66961.44,0.00009],[66961.6,0.02],[66963,0.01492]]}
{"type":"tick","time":1775234768133,"price":66953.06,"bids":[[66953.05,1.14519],[66950.51,0.08292],[66950.5,0.0728],[66949.76,0.1236],[66949.75,0.08082],[66949.73,0.02318],[66949.51,0.07211],[66949.5,0.0728],[66949,0.0728],[66948.5,0.0728],[66946.32,0.00009],[66946.16,0.02],[66946.01,0.09079],[66945.27,0.04021],[66943.8,0.00009],[66943.76,0.04],[66943.4,0.29844],[66943.39,0.00012],[66941.28,0.00009],[66940.51,0.41343]],"asks":[[66953.06,0.13017],[66954.57,0.02],[66955.76,0.05032],[66955.77,0.04],[66956.4,0.00009],[66956.41,0.12848],[66956.54,0.02755],[66956.76,0.00012],[66956.92,0.07478],[66957.73,0.081],[66958.34,0.04],[66958.44,0.02692],[66958.71,0.14489],[66958.92,0.00009],[66960.4,0.01794],[66960.41,0.05187],[66961.44,0.00009],[66961.6,0.02],[66963.19,0.19403],[66963.44,0.12465]]}
{"type":"tick","time":1775234769920,"price":66953.05,"bids":[[66953.05,1.11346],[66950.51,0.08292],[66950.5,0.0728],[66949.76,0.1236],[66949.75,0.08082],[66949.73,0.02318],[66949.51,0.07211],[66949.5,0.0728],[66949,0.0728],[66948.5,0.0728],[66946.32,0.00009],[66946.16,0.02],[66946.01,0.09079],[66945.27,0.04021],[66943.8,0.00009],[66943.76,0.04],[66943.4,0.29844],[66943.39,0.00012],[66941.28,0.00009],[66940.51,0.41343]],"asks":[[66953.06,0.07297],[66954.57,0.02],[66955.3,0.0503],[66955.31,0.12843],[66955.77,0.04],[66956.4,0.00009],[66956.54,0.02755],[66956.76,0.00012],[66956.92,0.07478],[66957.73,0.081],[66958.34,0.04],[66958.44,0.02692],[66958.71,0.14489],[66958.92,0.00009],[66960.4,0.02148],[66960.41,0.05187],[66961.44,0.00009],[66961.6,0.02],[66963.19,0.19403],[66963.44,0.12465]]}
{"type":"tick","time":1775234773916,"price":66953.05,"bids":[[66953.05,1.10897],[66950.51,0.08292],[66950.5,0.0728],[66949.76,0.1236],[66949.75,0.08082],[66949.73,0.02318],[66949.51,0.07211],[66949.5,0.0728],[66949,0.0728],[66948.5,0.0728],[66946.32,0.00009],[66946.16,0.02],[66946.01,0.09079],[66945.27,0.04021],[66943.8,0.00009],[66943.76,0.04],[66943.4,0.29844],[66943.39,0.00012],[66941.28,0.00009],[66940.51,0.41343]],"asks":[[66953.06,0.07322],[66954.57,0.02],[66955.3,0.0503],[66955.31,0.12843],[66955.77,0.04],[66956.4,0.00009],[66956.54,0.02755],[66956.76,0.00012],[66956.92,0.07478],[66958.34,0.04],[66958.44,0.02692],[66958.71,0.14489],[66958.92,0.00009],[66960.4,0.02148],[66960.41,0.05187],[66961.44,0.00009],[66961.6,0.02],[66963.19,0.19403],[66963.44,0.12465],[66963.96,0.00009]]}
{"type":"tick","time":1775234775810,"price":66953.06,"bids":[[66953.05,1.10634],[66950.51,0.08292],[66950.5,0.0728],[66949.76,0.1236],[66949.75,0.08082],[66949.73,0.02318],[66949.51,0.07211],[66949.5,0.0728],[66949,0.0728],[66948.5,0.0728],[66946.32,0.00009],[66946.16,0.02],[66946.01,0.09079],[66945.27,0.04021],[66943.8,0.00009],[66943.76,0.04],[66943.4,0.29844],[66943.39,0.00012],[66941.28,0.00009],[66940.51,0.41343]],"asks":[[66953.06,0.07322],[66954.57,0.02],[66955.3,0.0503],[66955.31,0.12843],[66955.77,0.04],[66956.4,0.00009],[66956.54,0.02755],[66956.76,0.00012],[66956.92,0.07478],[66958.34,0.04],[66958.44,0.02692],[66958.71,0.14489],[66958.92,0.00009],[66960.1,0.0112],[66960.4,0.02148],[66960.41,0.05187],[66961.44,0.00009],[66961.6,0.02],[66963.19,0.19403],[66963.44,0.12465]]}
{"type":"tick","time":1775234776416,"price":66953.06,"bids":[[66953.05,1.10634],[66950.51,0.08292],[66950.5,0.0728],[66949.76,0.1236],[66949.75,0.08082],[66949.51,0.07211],[66949.5,0.0728],[66949,0.0728],[66948.75,0.02318],[66948.5,0.0728],[66946.32,0.00009],[66946.16,0.02],[66946.01,0.09079],[66945.27,0.04021],[66943.8,0.00009],[66943.76,0.04],[66943.4,0.29844],[66943.39,0.00012],[66941.28,0.00009],[66940.51,0.41343]],"asks":[[66953.06,0.07197],[66954.57,0.02],[66955.3,0.0503],[66955.31,0.12843],[66955.77,0.04],[66956.4,0.00009],[66956.54,0.02755],[66956.76,0.00012],[66956.92,0.07478],[66958.34,0.04],[66958.44,0.02692],[66958.71,0.14489],[66958.92,0.00009],[66960.1,0.0112],[66960.4,0.02148],[66960.41,0.05187],[66961.44,0.00009],[66961.6,0.02],[66963.19,0.19403],[66963.44,0.12465]]}
{"type":"tick","time":1775234777507,"price":66953.06,"bids":[[66953.05,1.10634],[66950.51,0.08292],[66950.5,0.0728],[66949.79,0.02318],[66949.76,0.1236],[66949.75,0.08082],[66949.51,0.07211],[66949.5,0.0728],[66949,0.0728],[66948.5,0.0728],[66946.32,0.00009],[66946.16,0.02],[66946.01,0.09079],[66945.27,0.04021],[66943.8,0.00009],[66943.76,0.04],[66943.4,0.29844],[66943.39,0.00012],[66941.28,0.00009],[66940.51,0.41343]],"asks":[[66953.06,0.04938],[66954.57,0.02],[66955.3,0.0503],[66955.31,0.12843],[66955.77,0.04],[66956.4,0.00009],[66956.54,0.02755],[66956.76,0.00012],[66956.92,0.07478],[66958.34,0.04],[66958.44,0.02692],[66958.71,0.14489],[66958.92,0.00009],[66960.1,0.0112],[66960.4,0.02148],[66960.41,0.05187],[66961.44,0.00009],[66961.6,0.02],[66963.19,0.19403],[66963.44,0.12465]]}
{"type":"tick","time":1775234780825,"price":66953.06,"bids":[[66953.05,0.76113],[66953,0.0728],[66952.01,0.10448],[66952,0.0728],[66950.5,0.0728],[66949.76,0.1236],[66949.75,0.08082],[66949.51,0.07211],[66949.5,0.0728],[66949,0.0728],[66948.5,0.0728],[66947.99,0.02318],[66946.35,0.081],[66946.32,0.00009],[66946.16,0.02],[66946.01,0.09079],[66945.27,0.04021],[66943.8,0.00009],[66943.76,0.04],[66943.4,0.29844]],"asks":[[66953.06,0.04596],[66956.4,0.00009],[66956.54,0.02755],[66956.76,0.00012],[66956.92,0.10503],[66956.93,0.13997],[66958.44,0.02692],[66958.52,0.04],[66958.71,0.14489],[66958.92,0.00009],[66960.1,0.0112],[66960.26,0.01794],[66960.27,0.02],[66960.47,0.04],[66961.44,0.00009],[66962.13,0.05269],[66963.17,0.15649],[66963.18,0.29844],[66963.44,0.12465],[66963.96,0.00009]]}
{"type":"tick","time":1775234781500,"price":66953.05,"bids":[[66953.05,0.79873],[66953,0.0728],[66952.01,0.10448],[66952,0.0728],[66950.79,0.02318],[66950.5,0.0728],[66949.76,0.1236],[66949.75,0.08082],[66949.51,0.07211],[66949.5,0.0728],[66949,0.0728],[66948.5,0.0728],[66946.35,0.081],[66946.32,0.00009],[66946.16,0.02],[66946.01,0.09079],[66945.27,0.04021],[66943.8,0.00009],[66943.76,0.04],[66943.4,0.29844]],"asks":[[66953.06,0.04596],[66956.4,0.00009],[66956.54,0.02755],[66956.76,0.00012],[66956.92,0.10503],[66956.93,0.13997],[66958.44,0.02692],[66958.52,0.04],[66958.71,0.14489],[66958.92,0.00009],[66960.1,0.0112],[66960.26,0.01794],[66960.27,0.02],[66960.47,0.04],[66961.44,0.00009],[66962.13,0.05269],[66963.17,0.0634],[66963.44,0.12465],[66963.96,0.00009],[66964.3,0.02]]}
{"type":"tick","time":1775234783822,"price":66953.06,"bids":[[66953.05,0.64149],[66953,0.0728],[66952.01,0.10448],[66952,0.0728],[66950.79,0.02318],[66950.5,0.0728],[66949.76,0.1236],[66949.75,0.08082],[66949.51,0.07211],[66949.5,0.0728],[66949,0.0728],[66948.5,0.0728],[66946.35,0.081],[66946.32,0.00009],[66946.16,0.02],[66946.01,0.09079],[66945.27,0.04021],[66943.8,0.00009],[66943.76,0.04],[66943.4,0.29844]],"asks":[[66953.06,0.23618],[66956.4,0.00009],[66956.54,0.02755],[66956.76,0.00012],[66956.92,0.09688],[66957.44,0.13975],[66958.44,0.02692],[66958.52,0.04],[66958.71,0.14489],[66958.92,0.00009],[66960.1,0.0112],[66960.26,0.06501],[66960.27,0.02],[66960.47,0.04],[66961.44,0.00009],[66962.13,0.05269],[66963.15,0.11269],[66963.16,0.29844],[66963.44,0.12465],[66963.96,0.00009]]}
{"type":"tick","time":1775234786600,"price":66953.06,"bids":[[66953.05,0.76509],[66953,0.0728],[66952.01,0.10448],[66952,0.0728],[66950.79,0.02318],[66950.5,0.0728],[66949.76,0.1236],[66949.75,0.08082],[66949.51,0.07211],[66949.5,0.0728],[66949,0.0728],[66948.5,0.0728],[66947.91,0.02613],[66946.35,0.081],[66946.32,0.00009],[66946.16,0.02],[66946.01,0.09079],[66945.27,0.04021],[66943.8,0.00009],[66943.76,0.04]],"asks":[[66953.06,0.04851],[66956.4,0.00009],[66956.54,0.02755],[66956.76,0.00012],[66956.92,0.09688],[66957.44,0.13975],[66958.44,0.02692],[66958.52,0.04],[66958.71,0.14489],[66958.92,0.00009],[66960.27,0.02],[66960.46,0.01794],[66960.47,0.04],[66961.44,0.00009],[66962.13,0.05269],[66963.15,0.0634],[66963.44,0.12465],[66963.96,0.00009],[66964.3,0.02],[66964.68,0.0112]]}
{"type":"tick","time":1775234788590,"price":66953.06,"bids":[[66953.05,0.76509],[66953,0.0728],[66952.01,0.89514],[66952,0.0728],[66951.38,2.67035],[66950.79,0.02318],[66950.5,0.0728],[66949.75,0.08082],[66949.51,0.07211],[66949.5,0.0728],[66949,0.0728],[66948.58,0.00152],[66948.5,0.0728],[66946.35,0.081],[66946.32,0.00009],[66946.16,0.02],[66946.01,0.09079],[66945.27,0.04021],[66943.8,0.00009],[66943.76,0.04]],"asks":[[66953.06,0.04855],[66956.4,0.00009],[66956.54,0.02755],[66956.76,0.00012],[66956.92,0.09688],[66957.44,0.13975],[66958.44,0.02692],[66958.52,0.04],[66958.71,0.14489],[66958.92,0.00009],[66960.27,0.02],[66960.46,0.01794],[66960.47,0.04],[66961.44,0.00009],[66962.13,0.05269],[66963.15,0.0634],[66963.44,0.12465],[66963.96,0.00009],[66964.3,0.02],[66964.68,0.0112]]}
{"type":"tick","time":1775234790483,"price":66953.06,"bids":[[66953.05,0.76509],[66953,0.0728],[66952.01,0.89514],[66952,0.0728],[66951.38,2.67035],[66950.79,0.02318],[66950.5,0.0728],[66949.75,0.08082],[66949.51,0.07211],[66949.5,0.0728],[66949,0.0728],[66948.58,0.00152],[66948.5,0.0728],[66946.35,0.081],[66946.32,0.00009],[66946.16,0.02],[66946.01,0.09079],[66945.27,0.04021],[66943.8,0.00009],[66943.76,0.04]],"asks":[[66953.06,0.04842],[66956.4,0.00009],[66956.54,0.02755],[66956.76,0.00012],[66956.92,0.09688],[66957.44,0.13975],[66958.44,0.02692],[66958.52,0.04],[66958.71,0.14489],[66958.92,0.00009],[66960.27,0.02],[66960.46,0.01794],[66960.47,0.04],[66961.44,0.00009],[66962.13,0.05269],[66963.15,0.0634],[66963.44,0.12465],[66963.96,0.00009],[66964.3,0.02],[66964.68,0.0112]]}
{"type":"tick","time":1775234793169,"price":66953.06,"bids":[[66953.05,0.76509],[66953,0.0728],[66952.01,0.89514],[66952,0.0728],[66951.38,2.67035],[66950.79,0.02318],[66950.5,0.0728],[66949.75,0.08082],[66949.51,0.07211],[66949.5,0.0728],[66949,0.0728],[66948.58,0.00152],[66948.5,0.0728],[66946.35,0.081],[66946.32,0.00009],[66946.16,0.02],[66946.01,0.09079],[66945.27,0.04021],[66943.8,0.00009],[66943.76,0.04]],"asks":[[66953.06,0.02576],[66956.4,0.00009],[66956.54,0.02755],[66956.76,0.00012],[66958.44,0.02692],[66958.51,0.09984],[66958.52,0.04],[66958.71,0.14489],[66958.92,0.00009],[66960.27,0.02],[66960.46,0.01794],[66960.47,0.04],[66961.44,0.00009],[66962.13,0.05269],[66963.15,0.0634],[66963.44,0.12465],[66963.96,0.00009],[66964.3,0.02],[66964.68,0.0112],[66965.14,0.081]]}
{"type":"tick","time":1775234795538,"price":66956.4,"bids":[[66956.39,1.03981],[66955.01,0.04346],[66955,0.0728],[66954,0.0728],[66953.66,0.02318],[66953.06,0.1316],[66953.05,0.03772],[66953,0.0728],[66952.01,0.89514],[66952,0.0728],[66951.38,2.67035],[66949.75,0.08082],[66948.84,0.00009],[66948.58,0.00152],[66946.35,0.081],[66946.32,0.00009],[66946.16,0.02],[66946.14,0.20217],[66946.13,0.29844],[66945.27,0.04021]],"asks":[[66956.4,0.04621],[66956.76,0.00012],[66958.44,0.02692],[66958.51,0.09266],[66958.52,0.04],[66958.71,0.14489],[66958.92,0.00009],[66959.61,0.14909],[66960.27,0.02],[66960.46,0.01794],[66960.47,0.04],[66961.44,0.00009],[66962.26,0.0535],[66963.15,0.0634],[66963.44,0.12465],[66963.96,0.00009],[66964.3,0.02],[66965.14,0.081],[66966.48,0.00009],[66967.07,0.0112]]}
{"type":"tick","time":1775234799107,"price":66956.4,"bids":[[66956.39,1.0399],[66955.01,0.04346],[66955,0.0728],[66954,0.0728],[66953.66,0.02318],[66953.06,0.1236],[66953.05,0.03772],[66953,0.0728],[66952.01,0.89514],[66952,0.0728],[66951.38,2.67035],[66949.75,0.08082],[66948.84,0.00009],[66948.58,0.00152],[66946.35,0.081],[66946.32,0.00009],[66946.16,0.02],[66946.14,0.20217],[66946.13,0.29844],[66945.27,0.04021]],"asks":[[66956.4,0.11936],[66956.76,0.00012],[66957.73,0.02684],[66958.44,0.02692],[66958.51,0.09266],[66958.52,0.04],[66958.71,0.14489],[66958.92,0.00009],[66959.61,0.14909],[66960.27,0.02],[66960.46,0.01794],[66960.47,0.04],[66961.44,0.00009],[66962.26,0.0535],[66963.15,0.0634],[66963.44,0.12465],[66963.96,0.00009],[66964.3,0.02],[66965.14,0.081],[66966.48,0.00009]]}
{"type":"tick","time":1775234800834,"price":66956.4,"bids":[[66956.39,1.03716],[66955.01,0.04346],[66955,0.0728],[66954,0.0728],[66953.06,0.1236],[66953.05,0.03772],[66953,0.0728],[66952.49,0.02318],[66952.01,0.89514],[66952,0.0728],[66951.38,2.67035],[66949.75,0.08082],[66948.84,0.00009],[66948.58,0.00152],[66946.35,0.081],[66946.32,0.00009],[66946.16,0.02],[66946.14,0.20217],[66946.13,0.29844],[66945.27,0.04021]],"asks":[[66956.4,0.0971],[66956.76,0.00012],[66957.73,0.02684],[66958.44,0.02692],[66958.51,0.09266],[66958.52,0.04],[66958.71,0.14489],[66958.92,0.00009],[66959.61,0.14909],[66960.27,0.02],[66960.46,0.01794],[66960.47,0.04],[66961.44,0.00009],[66962.39,0.05214],[66963.15,0.0634],[66963.44,0.12465],[66963.96,0.00009],[66964.3,0.02],[66965.14,0.081],[66966.48,0.00009]]}
{"type":"tick","time":1775234802631,"price":66956.4,"bids":[[66956.39,1.03827],[66955.01,0.04346],[66955,0.0728],[66954,0.0728],[66953.06,0.1236],[66953.05,0.03772],[66953,0.0728],[66952.49,0.02318],[66952.01,0.89514],[66952,0.0728],[66951.38,2.67035],[66949.75,0.08082],[66948.84,0.00009],[66948.33,0.02561],[66946.35,0.081],[66946.32,0.00009],[66946.16,0.02],[66946.14,0.20217],[66946.13,0.29844],[66945.27,0.04021]],"asks":[[66956.4,0.09545],[66956.76,0.00012],[66957.73,0.02684],[66958.44,0.02692],[66958.51,0.09266],[66958.52,0.04],[66958.71,0.14489],[66958.92,0.00009],[66959.61,0.14909],[66960.27,0.02],[66960.46,0.01794],[66960.47,0.04],[66961.44,0.00009],[66962.39,0.05214],[66963.15,0.0634],[66963.44,0.12465],[66963.96,0.00009],[66964.3,0.02],[66965.14,0.081],[66966.48,0.00009]]}
{"type":"tick","time":1775234812993,"price":66956.4,"bids":[[66956.39,0.50746],[66955.01,0.05238],[66955,0.0728],[66954,0.0728],[66953.06,0.1236],[66953.05,0.03772],[66953,0.0728],[66952.9,0.02319],[66952.03,0.00152],[66952.01,0.89514],[66952,0.0728],[66951.38,2.67035],[66949.75,0.08082],[66948.84,0.00009],[66948.33,0.02561],[66946.36,0.21603],[66946.35,0.081],[66946.32,0.00009],[66946.16,0.02],[66946.09,0.29844]],"asks":[[66956.4,0.16483],[66956.76,0.00012],[66957.73,0.02684],[66958.44,0.02692],[66958.51,0.10259],[66958.52,0.04],[66958.71,0.14489],[66958.92,0.00009],[66959.17,0.17257],[66959.26,0.0112],[66960.46,0.01794],[66961.44,0.00009],[66962.39,0.05214],[66963.15,0.0634],[66963.44,0.12465],[66963.96,0.00009],[66964.3,0.02],[66965.14,0.081],[66966.48,0.00009],[66967.07,0.0112]]}
{"type":"tick","time":1775234814635,"price":66956.4,"bids":[[66956.39,0.50746],[66955.01,0.05238],[66955,0.0728],[66954,0.0728],[66953.32,0.02319],[66953.06,0.1236],[66953.05,0.03772],[66953,0.0728],[66952.03,0.00152],[66952.01,0.89514],[66952,0.0728],[66951.38,2.67035],[66949.75,0.08082],[66948.84,0.00009],[66948.33,0.02561],[66946.36,0.21603],[66946.35,0.081],[66946.32,0.00009],[66946.16,0.02],[66946.09,0.29844]],"asks":[[66956.4,0.08175],[66956.76,0.00012],[66957.73,0.02684],[66958.44,0.02692],[66958.51,0.05856],[66958.52,0.04],[66958.71,0.14489],[66958.92,0.00009],[66959.26,0.0112],[66960.46,0.04909],[66960.91,0.17206],[66961.44,0.00009],[66963.15,0.0634],[66963.44,0.12465],[66963.96,0.00009],[66965.14,0.081],[66966.48,0.00009],[66966.67,0.02],[66967.07,0.0112],[66967.96,0.08623]]}
{"type":"tick","time":1775234815972,"price":66956.4,"bids":[[66956.39,0.50646],[66955.01,0.05238],[66955,0.0728],[66954,0.0728],[66953.32,0.02319],[66953.06,0.1236],[66953.05,0.03772],[66953,0.0728],[66952.03,0.00152],[66952.01,0.89514],[66952,0.0728],[66951.38,2.67035],[66949.75,0.08082],[66948.84,0.00009],[66948.33,0.02561],[66946.36,0.21603],[66946.35,0.081],[66946.32,0.00009],[66946.16,0.02],[66946.09,0.29844]],"asks":[[66956.4,0.0815],[66956.76,0.00012],[66957.73,0.02684],[66958.44,0.02692],[66958.51,0.05856],[66958.52,0.04],[66958.71,0.14489],[66958.92,0.00009],[66959.26,0.0112],[66960.46,0.04909],[66960.91,0.17206],[66961.44,0.00009],[66963.07,0.05256],[66963.15,0.0634],[66963.44,0.12465],[66963.96,0.00009],[66965.14,0.081],[66966.48,0.00009],[66966.67,0.02],[66967.07,0.0112]]}
{"type":"tick","time":1775234816795,"price":66956.4,"bids":[[66956.39,0.50646],[66955.01,0.05238],[66955,0.0728],[66954,0.0728],[66953.32,0.02319],[66953.06,0.1236],[66953.05,0.03772],[66953,0.0728],[66952.03,0.00152],[66952.01,0.89514],[66952,0.0728],[66951.38,2.67035],[66949.75,0.08082],[66948.84,0.00009],[66948.33,0.02561],[66946.36,0.21603],[66946.35,0.081],[66946.32,0.00009],[66946.16,0.02],[66946.09,0.29844]],"asks":[[66956.4,0.04621],[66956.76,0.00012],[66957.73,0.02684],[66958.44,0.02692],[66958.51,0.05856],[66958.52,0.04],[66958.71,0.14489],[66958.74,0.06],[66958.92,0.00009],[66959.26,0.0112],[66960.46,0.04909],[66960.91,0.17206],[66961.44,0.00009],[66963.07,0.05256],[66963.15,0.0634],[66963.44,0.12465],[66963.96,0.00009],[66965.14,0.081],[66966.48,0.00009],[66966.67,0.02]]}
{"type":"tick","time":1775234818940,"price":66956.4,"bids":[[66956.39,0.50646],[66955.01,0.05238],[66955,0.0728],[66954,0.0728],[66953.32,0.02319],[66953.06,0.1236],[66953.05,0.03772],[66953,0.0728],[66952.03,0.00152],[66952.01,0.89514],[66952,0.0728],[66951.38,2.67035],[66949.75,0.08082],[66948.84,0.00009],[66948.33,0.02561],[66946.36,0.21603],[66946.35,0.081],[66946.32,0.00009],[66946.16,0.02],[66946.09,0.29844]],"asks":[[66956.4,0.11597],[66956.76,0.00012],[66957.73,0.02684],[66958.44,0.02692],[66958.51,0.05856],[66958.52,0.04],[66958.71,0.14489],[66958.74,0.06],[66958.92,0.00009],[66959.26,0.0112],[66960.46,0.04909],[66960.91,0.17206],[66961.44,0.00009],[66963.07,0.05256],[66963.15,0.0634],[66963.44,0.12465],[66963.96,0.00009],[66965.14,0.081],[66966.48,0.00009],[66966.67,0.02]]}
{"type":"tick","time":1775234820900,"price":66956.4,"bids":[[66956.39,0.50688],[66955.01,0.05238],[66955,0.0728],[66954,0.0728],[66953.06,0.1236],[66953.05,0.03772],[66953,0.0728],[66952.42,0.02319],[66952.01,0.89514],[66952,0.0728],[66951.38,2.67035],[66949.76,0.02653],[66949.75,0.08082],[66948.84,0.00009],[66948.33,0.02561],[66946.36,0.21603],[66946.35,0.081],[66946.32,0.00009],[66946.16,0.02],[66946.09,0.29844]],"asks":[[66956.4,0.11598],[66956.76,0.00012],[66957.73,0.02684],[66958.44,0.02692],[66958.51,0.12301],[66958.52,0.04],[66958.71,0.14489],[66958.74,0.06],[66958.92,0.00009],[66959.26,0.0112],[66959.32,0.18881],[66960.46,0.01794],[66961.44,0.00009],[66963.07,0.05256],[66963.15,0.0634],[66963.44,0.12465],[66963.96,0.00009],[66965.14,0.081],[66966.48,0.00009],[66966.67,0.02]]}
{"type":"tick","time":1775234823183,"price":66956.4,"bids":[[66956.39,0.50688],[66956.01,0.09385],[66956,0.0728],[66955.5,0.0728],[66955.07,0.02319],[66955,0.0728],[66954,0.0728],[66953.06,0.1236],[66953.05,0.03772],[66953,0.0728],[66952.14,0.00152],[66952.02,0.29844],[66952.01,0.89514],[66952,0.0728],[66951.38,2.67035],[66949.76,0.02653],[66949.75,0.08082],[66948.84,0.00009],[66948.33,0.02561],[66946.36,0.21603]],"asks":[[66956.4,0.09988],[66957.73,0.02684],[66958.44,0.02692],[66958.52,0.04],[66958.71,0.14489],[66958.74,0.06],[66958.92,0.00009],[66959.26,0.0112],[66961.44,0.00009],[66962.73,0.05566],[66962.74,0.18646],[66963.15,0.0634],[66963.19,0.05356],[66963.44,0.12465],[66963.96,0.00009],[66965.14,0.081],[66966.48,0.00009],[66966.67,0.02],[66967.07,0.0112],[66967.94,0.08911]]}
{"type":"tick","time":1775234827167,"price":66956.4,"bids":[[66956.39,0.50688],[66956.01,0.09385],[66956,0.0728],[66955.5,0.0728],[66955.07,0.02319],[66955,0.0728],[66954,0.0728],[66953.06,0.1236],[66953.05,0.03772],[66953,0.0728],[66952.14,0.00152],[66952.02,0.29844],[66952.01,0.89514],[66952,0.0728],[66951.38,2.67035],[66949.76,0.02653],[66949.75,0.08082],[66948.84,0.00009],[66948.33,0.02561],[66946.36,0.21603]],"asks":[[66956.4,0.02352],[66957.73,0.02684],[66958.44,0.02692],[66958.52,0.04],[66958.71,0.14489],[66958.74,0.06],[66958.92,0.00009],[66961.44,0.00009],[66962.73,0.05566],[66962.74,0.18646],[66963.15,0.0634],[66963.44,0.12465],[66963.79,0.0112],[66963.96,0.00009],[66964.25,0.05139],[66965.14,0.081],[66966.48,0.00009],[66966.67,0.02],[66967.07,0.0112],[66967.92,0.08911]]}
{"type":"tick","time":1775234828478,"price":66963.44,"bids":[[66963.43,0.88636],[66963.32,0.03757],[66963.31,0.02987],[66961.51,0.02319],[66960,0.0728],[66958.75,0.11944],[66958.74,0.1236],[66958.73,0.08],[66958.5,0.0728],[66957.73,0.1236],[66957.72,0.08],[66956.75,0.00012],[66956.41,0.08793],[66956.4,0.1316],[66956.39,0.06206],[66956.29,0.04065],[66953.37,0.06],[66953.05,0.03772],[66952.14,0.00152],[66952.04,0.41668]],"asks":[[66963.44,0.23543],[66963.96,0.00009],[66964.76,0.07168],[66964.77,0.04],[66965.44,0.02],[66966.4,0.18772],[66966.48,0.00009],[66968.4,0.02205],[66968.41,0.05377],[66968.87,0.02],[66969,0.00009],[66970.12,0.00012],[66971.52,0.00009],[66972.77,0.012],[66972.78,0.0112],[66973.18,0.02418],[66973.19,0.081],[66973.38,0.008],[66974.04,0.00009],[66975.11,0.09322]]}
{"type":"tick","time":1775234829395,"price":66963.43,"bids":[[66963.43,0.88736],[66963.32,0.9243],[66963.31,0.02987],[66961.76,2.9867],[66961.51,0.02319],[66960,0.0728],[66958.75,0.11944],[66958.74,0.1236],[66958.73,0.08],[66958.5,0.0728],[66957.73,0.1236],[66957.72,0.08],[66956.75,0.00012],[66956.41,0.08793],[66956.4,0.13169],[66956.39,0.06206],[66956.29,0.04065],[66953.37,0.06],[66953.05,0.03772],[66952.14,0.00152]],"asks":[[66963.44,0.26019],[66963.96,0.00009],[66964.76,0.07168],[66964.77,0.04],[66965.44,0.02],[66966.4,0.18772],[66966.48,0.00009],[66968.4,0.02205],[66968.87,0.02],[66969,0.00009],[66969.04,0.05336],[66970.12,0.00012],[66971.52,0.00009],[66972.77,0.012],[66972.78,0.0112],[66973.18,0.02418],[66973.19,0.081],[66973.38,0.008],[66974.04,0.00009],[66975.11,0.09322]]}
{"type":"tick","time":1775234830830,"price":66963.44,"bids":[[66963.43,0.86006],[66963.32,0.9243],[66962.56,0.02987],[66961.76,2.9867],[66960.19,0.02319],[66960,0.0728],[66958.75,0.06953],[66958.73,0.08],[66958.5,0.0728],[66957.72,0.08],[66956.75,0.00012],[66956.41,0.05098],[66956.4,0.00809],[66956.39,0.06206],[66956.29,0.04065],[66953.37,0.06],[66953.05,0.03772],[66952.14,0.00152],[66952.04,0.41668],[66952.03,1.28359]],"asks":[[66963.44,0.34378],[66963.96,0.00009],[66964.76,0.07168],[66964.77,0.04],[66965.44,0.02],[66966.4,0.18772],[66966.48,0.00009],[66968.25,0.0112],[66968.4,0.02205],[66968.87,0.02],[66969,0.00009],[66969.04,0.05336],[66970.12,0.00012],[66971.52,0.00009],[66972.77,0.012],[66972.78,0.0112],[66973.18,0.02418],[66973.19,0.081],[66973.38,0.008],[66974.04,0.00009]]}
{"type":"tick","time":1775234831718,"price":66963.43,"bids":[[66963.43,0.86006],[66963.32,0.9243],[66962.72,0.02987],[66961.76,2.9867],[66960.19,0.02319],[66960,0.0728],[66958.75,0.06953],[66958.5,0.0728],[66957.72,0.08],[66956.75,0.00012],[66956.41,0.05098],[66956.4,0.00809],[66956.39,0.06206],[66956.29,0.04065],[66953.88,0.00009],[66953.37,0.06],[66953.05,0.03772],[66952.14,0.00152],[66952.04,0.41668],[66952.03,1.28359]],"asks":[[66963.44,0.34368],[66963.96,0.00009],[66964.76,0.07168],[66964.77,0.04],[66965.44,0.02],[66966.4,0.18772],[66966.48,0.00009],[66968.25,0.0112],[66968.4,0.02205],[66968.87,0.02],[66969,0.00009],[66969.04,0.05336],[66970.12,0.00012],[66971.52,0.00009],[66972.77,0.012],[66972.78,0.0112],[66973.18,0.02418],[66973.19,0.081],[66973.38,0.008],[66974.04,0.00009]]}
{"type":"tick","time":1775234834879,"price":66963.43,"bids":[[66963.43,0.86052],[66963.42,0.02987],[66963.32,0.9243],[66961.76,2.9867],[66960.19,0.02319],[66960,0.0728],[66958.75,0.04565],[66958.5,0.0728],[66957.72,0.08],[66956.75,0.00012],[66956.41,0.05098],[66956.4,0.00809],[66956.39,0.06206],[66956.29,0.04065],[66954.84,0.02592],[66953.88,0.00009],[66953.37,0.06],[66953.05,0.03772],[66952.14,0.00152],[66952.04,0.41668]],"asks":[[66963.44,0.3436],[66963.96,0.00009],[66964.76,0.07168],[66964.77,0.04],[66965.44,0.02],[66966.4,0.18772],[66966.48,0.00009],[66968.25,0.0112],[66968.4,0.02205],[66968.87,0.02],[66969,0.00009],[66969.04,0.05336],[66970.12,0.00012],[66971.52,0.00009],[66972.77,0.012],[66972.78,0.0112],[66973.18,0.02418],[66973.19,0.081],[66973.38,0.008],[66974.04,0.00009]]}
{"type":"tick","time":1775234839464,"price":66963.43,"bids":[[66963.43,0.85982],[66963.42,0.02987],[66963.32,0.9243],[66961.76,2.9867],[66960.19,0.02319],[66960,0.0728],[66959.2,0.00152],[66958.75,0.04565],[66958.5,0.0728],[66957.72,0.08],[66956.75,0.00012],[66956.41,0.05098],[66956.4,0.00809],[66956.39,0.06206],[66956.29,0.04065],[66954.84,0.02592],[66953.88,0.00009],[66953.37,0.06],[66953.05,0.03772],[66952.04,0.12119]],"asks":[[66963.44,0.34376],[66963.96,0.00009],[66964.76,0.07168],[66964.77,0.04],[66965.44,0.02],[66966.4,0.18772],[66966.48,0.00009],[66966.8,0.03537],[66966.81,0.04],[66968.25,0.0112],[66968.87,0.02],[66969,0.00009],[66969.04,0.05336],[66970.12,0.00012],[66971.52,0.00009],[66972.77,0.012],[66972.78,0.0112],[66973.18,0.02418],[66973.19,0.081],[66973.38,0.008]]}
{"type":"tick","time":1775234839968,"price":66963.43,"bids":[[66963.43,0.83745],[66963.32,0.9243],[66961.76,2.9867],[66960,0.0728],[66959.2,0.00152],[66958.75,0.04565],[66958.5,0.0728],[66957.72,0.08],[66956.75,0.00012],[66956.41,0.05098],[66956.4,0.00809],[66956.39,0.06206],[66956.29,0.04065],[66954.84,0.02592],[66953.88,0.00009],[66953.37,0.06],[66953.05,0.03772],[66952.04,0.12119],[66952.03,0.29844],[66951.36,0.00009]],"asks":[[66963.44,0.34347],[66963.96,0.00009],[66964.76,0.07168],[66964.77,0.04],[66965.44,0.02],[66966.4,0.18772],[66966.48,0.00009],[66966.8,0.03537],[66966.81,0.04],[66968.25,0.0112],[66968.87,0.02],[66969,0.00009],[66969.04,0.05336],[66970.12,0.00012],[66971.52,0.00009],[66972.77,0.012],[66972.78,0.0112],[66973.18,0.02418],[66973.19,0.081],[66973.38,0.008]]}
{"type":"tick","time":1775234841145,"price":66963.44,"bids":[[66963.43,0.82881],[66963.32,0.9243],[66961.76,2.9867],[66960.42,0.02319],[66960,0.0728],[66959.2,0.00152],[66958.75,0.04565],[66958.5,0.0728],[66957.72,0.08],[66956.75,0.00012],[66956.41,0.05098],[66956.4,0.00809],[66956.39,0.06206],[66956.29,0.04065],[66954.84,0.02592],[66953.88,0.00009],[66953.37,0.06],[66953.05,0.03772],[66952.04,0.12119],[66952.03,0.29844]],"asks":[[66963.44,0.34347],[66963.96,0.00009],[66964.76,0.07168],[66964.77,0.04],[66965.44,0.02],[66966.4,0.18772],[66966.48,0.00009],[66966.8,0.03537],[66966.81,0.04],[66968.25,0.0112],[66968.87,0.02],[66969,0.00009],[66969.04,0.05336],[66970.12,0.00012],[66971.52,0.00009],[66972.77,0.012],[66972.78,0.0112],[66973.18,0.02418],[66973.19,0.081],[66973.38,0.008]]}
{"type":"tick","time":1775234844518,"price":66963.43,"bids":[[66963.43,0.74781],[66963.32,0.9243],[66961.76,2.9867],[66960.42,0.02319],[66960,0.0728],[66959.2,0.00152],[66958.75,0.06399],[66958.5,0.0728],[66957.72,0.08],[66956.75,0.00012],[66956.73,0.081],[66956.41,0.05098],[66956.4,0.00809],[66956.39,0.06206],[66956.29,0.04065],[66954.84,0.02592],[66953.88,0.00009],[66953.37,0.06],[66953.05,0.03772],[66952.04,0.12119]],"asks":[[66963.44,0.343],[66963.96,0.00009],[66964.76,0.07168],[66964.77,0.04],[66965.44,0.02],[66966.4,0.18772],[66966.48,0.00009],[66966.8,0.03721],[66966.81,0.04],[66968.25,0.0112],[66968.87,0.02],[66969,0.00009],[66969.04,0.05336],[66970.12,0.00012],[66971.52,0.00009],[66972.77,0.012],[66972.78,0.0112],[66973.18,0.02418],[66973.19,0.081],[66973.38,0.008]]}
{"type":"tick","time":1775234845282,"price":66963.44,"bids":[[66963.43,0.74687],[66963.32,0.9243],[66961.76,2.9867],[66961.28,0.02319],[66960.42,0.02319],[66960,0.0728],[66959.2,0.00152],[66958.75,0.06399],[66958.5,0.0728],[66957.72,0.08],[66956.75,0.00012],[66956.73,0.081],[66956.41,0.05098],[66956.4,0.00809],[66956.39,0.06206],[66956.29,0.04065],[66954.84,0.02592],[66953.88,0.00009],[66953.37,0.06],[66953.05,0.03772]],"asks":[[66963.44,0.26216],[66963.96,0.00009],[66964.76,0.07168],[66965.44,0.02],[66966.4,0.18772],[66966.48,0.00009],[66966.8,0.03721],[66966.81,0.04],[66968.25,0.0112],[66969,0.00009],[66969.67,0.04],[66970.12,0.00012],[66970.93,0.02],[66971.52,0.00009],[66972.77,0.012],[66972.78,0.0112],[66973.18,0.02418],[66973.19,0.081],[66973.38,0.008],[66974.04,0.00009]]}
{"type":"tick","time":1775234847739,"price":66967.38,"bids":[[66967.37,1.18815],[66966.82,0.15006],[66966.8,0.02319],[66966,0.0728],[66965.5,0.0728],[66965.04,0.04082],[66964.5,0.0728],[66964.01,0.02652],[66964,0.0728],[66963.5,0.0728],[66963.44,0.008],[66961.84,0.02499],[66961.78,0.29844],[66961.77,0.91326],[66961.76,2.9867],[66961.44,0.00009],[66960.47,0.06],[66959.2,0.00152],[66958.92,0.00009],[66958.75,0.15288]],"asks":[[66967.38,0.1358],[66968.25,0.0112],[66969,0.00009],[66970.12,0.00012],[66970.21,0.02606],[66971.51,0.14076],[66971.52,0.2124],[66972.78,0.0112],[66973.18,0.06],[66973.19,0.081],[66973.7,0.02369],[66974.04,0.00009],[66974.43,0.011],[66974.44,0.02],[66974.54,0.05174],[66976.56,0.00009],[66976.8,0.00012],[66979.08,0.00009],[66981.1,0.1059],[66981.11,0.11773]]}
{"type":"tick","time":1775234851474,"price":66967.38,"bids":[[66967.37,1.18855],[66966.82,0.15006],[66966,0.0728],[66965.5,0.0728],[66965.46,0.02319],[66965.04,0.04082],[66964.5,0.0728],[66964.01,0.02652],[66964,0.0728],[66963.5,0.0728],[66961.84,0.02499],[66961.78,0.29844],[66961.77,0.91326],[66961.76,2.9867],[66961.44,0.00009],[66960.47,0.06],[66959.2,0.00152],[66958.92,0.00009],[66958.75,0.15288],[66957.81,0.29844]],"asks":[[66967.38,0.21664],[66968.25,0.0112],[66969,0.00009],[66970.12,0.00012],[66970.21,0.02606],[66970.74,0.08581],[66970.75,0.22398],[66971.52,0.00009],[66972.78,0.0112],[66973.18,0.06],[66973.7,0.04635],[66974.04,0.00009],[66974.08,0.081],[66974.43,0.011],[66974.44,0.02],[66974.7,0.05332],[66976.56,0.00009],[66976.8,0.00012],[66979.08,0.00009],[66981.1,0.1059]]}
{"type":"tick","time":1775234853183,"price":66967.38,"bids":[[66967.37,1.17479],[66966.82,0.15006],[66966,0.0728],[66965.5,0.0728],[66965.46,0.02319],[66965.04,0.04082],[66964.5,0.0728],[66964.01,0.02652],[66964,0.0728],[66963.5,0.0728],[66961.84,0.02499],[66961.78,0.29844],[66961.77,0.91326],[66961.76,2.9867],[66961.44,0.00009],[66960.47,0.06],[66959.2,0.00152],[66958.92,0.00009],[66958.75,0.15288],[66957.81,0.29844]],"asks":[[66967.38,0.27811],[66968.25,0.0112],[66969,0.00009],[66970.12,0.00012],[66970.21,0.02606],[66970.74,0.08581],[66970.75,0.22398],[66971.52,0.00009],[66971.88,0.04],[66972.78,0.0112],[66973.18,0.06],[66973.7,0.04635],[66974.04,0.00009],[66974.08,0.081],[66974.43,0.011],[66974.44,0.02],[66974.7,0.05332],[66976.56,0.00009],[66976.8,0.00012],[66979.08,0.00009]]}
{"type":"tick","time":1775234855316,"price":66967.38,"bids":[[66967.37,1.18717],[66966.82,0.15006],[66966.79,0.02319],[66966,0.0728],[66965.5,0.0728],[66965.04,0.04082],[66964.5,0.0728],[66964.01,0.02652],[66964,0.0728],[66963.5,0.0728],[66961.84,0.02499],[66961.78,0.29844],[66961.77,0.91326],[66961.76,2.9867],[66961.44,0.00009],[66960.47,0.06],[66958.92,0.00009],[66958.75,0.15288],[66957.81,0.29844],[66957.72,0.08]],"asks":[[66967.38,0.17206],[66968.25,0.0112],[66969,0.00009],[66970.12,0.00012],[66970.21,0.02606],[66970.74,0.08581],[66970.75,0.22398],[66971.52,0.00009],[66971.88,0.04],[66972.78,0.0112],[66973.18,0.06],[66973.7,0.04635],[66974.04,0.00009],[66974.08,0.081],[66974.43,0.011],[66974.44,0.02],[66974.7,0.05332],[66976.56,0.00009],[66976.8,0.00012],[66979.08,0.00009]]}
{"type":"tick","time":1775234858223,"price":66967.38,"bids":[[66967.37,1.15986],[66966.82,0.15006],[66966.17,0.02319],[66966,0.0728],[66965.5,0.0728],[66965.04,0.04082],[66964.5,0.0728],[66964,0.0728],[66963.5,0.0728],[66963.17,0.00152],[66961.84,0.02499],[66961.78,0.29844],[66961.77,0.91326],[66961.76,2.9867],[66961.44,0.00009],[66960.47,0.06],[66958.92,0.00009],[66958.76,0.02653],[66958.75,0.15288],[66957.81,0.29844]],"asks":[[66967.38,0.95246],[66968.25,0.0112],[66969,0.00009],[66970.12,0.00012],[66970.21,0.02606],[66970.74,0.03322],[66971.52,0.00009],[66971.88,0.04],[66972.78,0.0112],[66973.18,0.06],[66973.7,0.04635],[66974.04,0.00009],[66974.08,0.081],[66974.43,0.011],[66974.44,0.02],[66974.7,0.05332],[66976.56,0.00009],[66976.8,0.00012],[66979.08,0.00009],[66981.11,0.11773]]}
{"type":"tick","time":1775234858803,"price":66967.38,"bids":[[66967.37,1.15986],[66966.82,0.15006],[66966.17,0.02319],[66966,0.0728],[66965.5,0.0728],[66965.04,0.04082],[66964.5,0.0728],[66964,0.0728],[66963.5,0.0728],[66963.17,0.00152],[66961.84,0.02499],[66961.78,0.29844],[66961.77,0.91326],[66961.76,2.9867],[66961.44,0.00009],[66960.47,0.06],[66958.92,0.00009],[66958.76,0.02653],[66958.75,0.15288],[66957.81,0.29844]],"asks":[[66967.38,0.95235],[66968.25,0.0112],[66969,0.00009],[66970.12,0.00012],[66970.21,0.02606],[66970.74,0.03322],[66971.52,0.00009],[66971.88,0.04],[66972.78,0.0112],[66973.18,0.06],[66973.7,0.04635],[66974.04,0.00009],[66974.08,0.081],[66974.43,0.011],[66974.44,0.02],[66974.7,0.05332],[66976.56,0.00009],[66976.8,0.00012],[66979.08,0.00009],[66981.11,0.11773]]}
{"type":"tick","time":1775234859416,"price":66967.38,"bids":[[66967.37,1.15986],[66966.82,0.15006],[66966.17,0.02319],[66966,0.0728],[66965.5,0.0728],[66965.04,0.04082],[66964.5,0.0728],[66964,0.0728],[66963.5,0.0728],[66963.17,0.00152],[66961.84,0.02499],[66961.78,0.29844],[66961.77,0.91326],[66961.76,2.9867],[66961.44,0.00009],[66960.47,0.06],[66958.92,0.00009],[66958.76,0.02653],[66958.75,0.15288],[66957.81,0.29844]],"asks":[[66967.38,0.95225],[66968.25,0.0112],[66969,0.00009],[66970.12,0.00012],[66970.21,0.02606],[66970.74,0.03322],[66971.52,0.00009],[66971.88,0.04],[66972.78,0.0112],[66973.18,0.06],[66973.7,0.04635],[66974.04,0.00009],[66974.08,0.081],[66974.43,0.011],[66974.44,0.02],[66974.7,0.05332],[66976.56,0.00009],[66976.8,0.00012],[66979.08,0.00009],[66981.11,0.11773]]}
{"type":"tick","time":1775234859925,"price":66967.38,"bids":[[66967.37,1.15986],[66966.82,0.15006],[66966.17,0.02319],[66966,0.0728],[66965.5,0.0728],[66965.04,0.04082],[66964.5,0.0728],[66964,0.0728],[66963.5,0.0728],[66963.17,0.00152],[66961.84,0.02499],[66961.78,0.29844],[66961.77,0.91326],[66961.76,2.9867],[66961.44,0.00009],[66960.47,0.06],[66958.92,0.00009],[66958.76,0.02653],[66958.75,0.15288],[66957.81,0.29844]],"asks":[[66967.38,0.95154],[66968.25,0.0112],[66969,0.00009],[66970.12,0.00012],[66970.21,0.02606],[66970.74,0.03322],[66971.52,0.00009],[66971.88,0.04],[66972.78,0.0112],[66973.18,0.06],[66973.7,0.04635],[66974.04,0.00009],[66974.08,0.081],[66974.43,0.011],[66974.44,0.02],[66974.7,0.05332],[66976.56,0.00009],[66976.8,0.00012],[66979.08,0.00009],[66981.11,0.11773]]}
{"type":"tick","time":1775234862678,"price":66967.37,"bids":[[66967.37,1.15986],[66966.82,0.15006],[66966.17,0.02319],[66966,0.0728],[66965.5,0.0728],[66965.04,0.04082],[66964.5,0.0728],[66964,0.0728],[66963.5,0.0728],[66963.17,0.00152],[66961.84,0.02499],[66961.78,0.29844],[66961.77,0.91326],[66961.76,2.9867],[66961.44,0.00009],[66960.47,0.06],[66958.92,0.00009],[66958.76,0.02653],[66958.75,0.15288],[66957.81,0.29844]],"asks":[[66967.38,0.86857],[66968.25,0.0112],[66969,0.00009],[66970.12,0.00012],[66970.21,0.02606],[66970.74,0.03322],[66971.52,0.00009],[66971.88,0.04],[66972.78,0.0112],[66973.18,0.06],[66973.7,0.04635],[66974.04,0.00009],[66974.08,0.081],[66974.43,0.011],[66974.44,0.02],[66974.7,0.05332],[66976.56,0.00009],[66976.8,0.00012],[66979.08,0.00009],[66981.11,0.11773]]}
{"type":"tick","time":1775234864287,"price":66967.38,"bids":[[66967.37,1.15978],[66966.82,0.15006],[66966.17,0.02319],[66966,0.0728],[66965.5,0.0728],[66965.04,0.04082],[66964.5,0.0728],[66964,0.0728],[66963.5,0.0728],[66963.17,0.00152],[66961.84,0.02499],[66961.78,0.29844],[66961.77,0.91326],[66961.76,2.9867],[66961.44,0.00009],[66960.47,0.06],[66958.92,0.00009],[66958.76,0.02653],[66958.75,0.15288],[66957.81,0.29844]],"asks":[[66967.38,0.86865],[66968.25,0.0112],[66969,0.00009],[66970.12,0.00012],[66970.21,0.02606],[66970.74,0.03322],[66971.52,0.00009],[66971.88,0.04],[66972.78,0.0112],[66973.18,0.06],[66973.7,0.04635],[66974.04,0.00009],[66974.08,0.081],[66974.43,0.011],[66974.44,0.02],[66974.7,0.05332],[66976.56,0.00009],[66976.8,0.00012],[66979.08,0.00009],[66981.1,0.05973]]}
{"type":"tick","time":1775234865784,"price":66967.38,"bids":[[66967.37,1.01705],[66966.82,0.15006],[66966,0.0728],[66965.64,0.02319],[66965.5,0.0728],[66965.04,0.04082],[66964.5,0.0728],[66964,0.0728],[66963.5,0.0728],[66963.17,0.00152],[66961.78,0.29844],[66961.77,0.91326],[66961.76,2.9867],[66961.44,0.00009],[66960.47,0.06],[66958.92,0.00009],[66958.76,0.02653],[66958.75,0.15288],[66958.23,0.0251],[66957.81,0.29844]],"asks":[[66967.38,0.86851],[66968.25,0.0112],[66969,0.00009],[66970.12,0.00012],[66970.21,0.02606],[66970.74,0.03322],[66971.52,0.00009],[66971.88,0.04],[66972.78,0.0112],[66973.18,0.06],[66973.7,0.04599],[66974.04,0.00009],[66974.08,0.081],[66974.43,0.011],[66974.44,0.02],[66974.71,0.05212],[66976.56,0.00009],[66976.8,0.00012],[66979.08,0.00009],[66981.1,0.05973]]}
{"type":"tick","time":1775234866506,"price":66967.37,"bids":[[66967.37,1.01705],[66966.82,0.15006],[66966,0.0728],[66965.64,0.02319],[66965.5,0.0728],[66965.04,0.04082],[66964.5,0.0728],[66964,0.0728],[66963.5,0.0728],[66963.17,0.00152],[66961.78,0.29844],[66961.77,0.91326],[66961.76,2.9867],[66961.44,0.00009],[66960.47,0.06],[66958.92,0.00009],[66958.76,0.02653],[66958.75,0.15288],[66958.23,0.0251],[66957.81,0.29844]],"asks":[[66967.38,0.86801],[66968.25,0.0112],[66969,0.00009],[66970.12,0.00012],[66970.21,0.02606],[66970.74,0.03322],[66971.52,0.00009],[66971.88,0.04],[66972.78,0.0112],[66973.18,0.06],[66973.7,0.04599],[66974.04,0.00009],[66974.08,0.081],[66974.43,0.011],[66974.44,0.02],[66974.71,0.05212],[66976.56,0.00009],[66976.8,0.00012],[66979.08,0.00009],[66981.1,0.05973]]}
{"type":"tick","time":1775234868937,"price":66967.38,"bids":[[66967.37,1.01685],[66966.82,0.15006],[66966,0.0728],[66965.64,0.02319],[66965.5,0.0728],[66965.04,0.04082],[66964.5,0.0728],[66964,0.0728],[66963.5,0.0728],[66963.17,0.00152],[66961.78,0.29844],[66961.77,0.91326],[66961.76,2.9867],[66961.44,0.00009],[66960.47,0.06],[66958.92,0.00009],[66958.76,0.02653],[66958.75,0.15288],[66958.23,0.0251],[66957.81,0.29844]],"asks":[[66967.38,0.86793],[66969,0.00009],[66970.12,0.00012],[66970.21,0.02606],[66970.74,0.03322],[66971.52,0.00009],[66971.88,0.04],[66972.61,0.01119],[66972.78,0.0112],[66973.18,0.06],[66973.7,0.04599],[66974.04,0.00009],[66974.08,0.081],[66974.43,0.011],[66974.44,0.02],[66974.71,0.05212],[66976.56,0.00009],[66976.8,0.00012],[66979.08,0.00009],[66981.1,0.05973]]}
{"type":"tick","time":1775234874431,"price":66967.37,"bids":[[66967.37,0.05607],[66966,0.0728],[66965.51,0.10847],[66965.5,0.0728],[66965.04,0.04082],[66964.5,0.0728],[66964,0.0728],[66963.8,0.02986],[66963.5,0.0728],[66963.19,0.00152],[66961.77,0.91326],[66961.76,2.9867],[66961.44,0.00009],[66960.91,0.02317],[66958.92,0.00009],[66958.75,0.07197],[66957.72,0.08],[66956.75,0.00012],[66956.73,0.161],[66956.41,0.15251]],"asks":[[66967.38,0.88936],[66969,0.00009],[66970.09,0.02647],[66970.12,0.00012],[66970.21,0.02606],[66971.52,0.00009],[66971.88,0.04],[66972.61,0.01119],[66972.78,0.0112],[66973.7,0.04641],[66974.04,0.00009],[66974.08,0.081],[66974.43,0.011],[66974.44,0.02],[66974.8,0.05353],[66976.56,0.00009],[66976.8,0.00012],[66978.23,0.14885],[66978.24,0.29844],[66979.08,0.00009]]}
{"type":"tick","time":1775234875664,"price":66967.38,"bids":[[66967.37,0.11839],[66966,0.0728],[66965.51,0.10847],[66965.5,0.0728],[66965.04,0.04082],[66964.5,0.0728],[66964,0.0728],[66963.8,0.02986],[66963.5,0.0728],[66963.19,0.00152],[66961.92,0.02317],[66961.77,0.91326],[66961.76,2.9867],[66961.44,0.00009],[66958.92,0.00009],[66958.75,0.07197],[66957.72,0.08],[66956.75,0.00012],[66956.73,0.161],[66956.41,0.15251]],"asks":[[66967.38,1.07335],[66969,0.00009],[66970.09,0.02647],[66970.12,0.00012],[66970.21,0.02606],[66971.52,0.00009],[66971.88,0.04],[66972.61,0.01119],[66972.78,0.0112],[66973.7,0.04641],[66974.04,0.00009],[66974.08,0.081],[66974.43,0.011],[66974.44,0.02],[66974.8,0.05353],[66976.56,0.00009],[66976.8,0.00012],[66978.23,0.14885],[66978.24,0.29844],[66979.08,0.00009]]}
{"type":"tick","time":1775234881539,"price":66967.38,"bids":[[66967.37,0.55441],[66966,0.0728],[66965.51,0.10847],[66965.5,0.0728],[66965.04,0.04082],[66964.5,0.0728],[66964,0.0728],[66963.5,0.0728],[66963.3,0.02317],[66963.19,0.00152],[66961.77,0.91326],[66961.76,2.9867],[66961.44,0.00009],[66958.92,0.00009],[66958.75,0.07197],[66957.72,0.08],[66956.75,0.00012],[66956.73,0.161],[66956.41,0.24269],[66956.4,0.08809]],"asks":[[66967.38,0.81676],[66967.56,0.02609],[66968.72,0.06689],[66968.73,0.22399],[66969,0.00009],[66970.12,0.00012],[66970.2,0.01816],[66970.21,0.02606],[66971.52,0.00009],[66971.88,0.04],[66972.61,0.01119],[66972.78,0.0112],[66973.7,0.04641],[66974.04,0.00009],[66974.08,0.081],[66974.43,0.011],[66974.44,0.02],[66974.8,0.05353],[66976.56,0.00009],[66976.8,0.00012]]}
{"type":"tick","time":1775234884902,"price":66967.37,"bids":[[66967.37,0.57189],[66966,0.0728],[66965.51,0.10847],[66965.5,0.0728],[66965.04,0.04082],[66964.93,0.02986],[66964.84,0.02317],[66964.5,0.0728],[66964,0.0728],[66963.5,0.0728],[66963.19,0.00152],[66961.77,0.91326],[66961.76,2.9867],[66961.44,0.00009],[66958.92,0.00009],[66958.75,0.07197],[66957.72,0.08],[66956.75,0.00012],[66956.73,0.161],[66956.41,0.24269]],"asks":[[66967.38,0.81543],[66969,0.00009],[66969.8,0.06686],[66969.81,0.22399],[66970.12,0.00012],[66970.2,0.02643],[66970.21,0.02606],[66971.52,0.00009],[66971.88,0.04],[66972.61,0.01119],[66972.78,0.0112],[66973.7,0.04641],[66974.04,0.00009],[66974.08,0.081],[66974.43,0.011],[66974.44,0.02],[66974.8,0.05353],[66976.56,0.00009],[66976.8,0.00012],[66978.23,0.08521]]}
{"type":"tick","time":1775234891837,"price":66967.38,"bids":[[66967.37,0.57273],[66966,0.0728],[66965.97,0.02986],[66965.51,0.10847],[66965.5,0.0728],[66965.04,0.04082],[66964.84,0.02317],[66964.5,0.0728],[66964,0.0728],[66963.5,0.0728],[66963.21,0.00152],[66961.77,0.91326],[66961.76,2.9867],[66961.44,0.00009],[66958.92,0.00009],[66958.83,0.02782],[66958.75,0.07197],[66957.72,0.08],[66956.75,0.00012],[66956.73,0.161]],"asks":[[66967.38,0.81802],[66969,0.00009],[66969.8,0.06686],[66969.81,0.22399],[66970.12,0.00012],[66970.2,0.02643],[66970.21,0.02606],[66971.52,0.00009],[66971.88,0.04],[66972.61,0.01119],[66972.78,0.0112],[66973.7,0.04641],[66974.04,0.00009],[66974.08,0.081],[66974.43,0.011],[66974.44,0.02],[66974.8,0.05353],[66976.56,0.00009],[66976.8,0.00012],[66978.23,0.08521]]}
{"type":"tick","time":1775234894883,"price":66967.38,"bids":[[66967.37,0.57275],[66967.03,0.02317],[66966.5,0.0728],[66966,0.0728],[66965.51,0.10847],[66965.5,0.0728],[66965.04,0.04082],[66964.5,0.0728],[66964,0.0728],[66963.5,0.0728],[66963.21,0.00152],[66961.78,0.29844],[66961.77,0.91326],[66961.76,2.9867],[66961.44,0.00009],[66958.92,0.00009],[66958.75,0.15186],[66957.72,0.08],[66957.48,0.37844],[66956.75,0.00012]],"asks":[[66967.38,0.75809],[66969,0.00009],[66970.12,0.00012],[66970.21,0.02606],[66971.41,0.02],[66971.52,0.00009],[66971.88,0.04],[66972.61,0.01119],[66972.78,0.0112],[66973.7,0.09729],[66973.72,0.22397],[66974.04,0.00009],[66974.08,0.081],[66974.43,0.011],[66975.01,0.04],[66975.4,0.02],[66976.56,0.00009],[66976.8,0.00012],[66979.08,0.00009],[66980.41,0.11383]]}
{"type":"tick","time":1775234897048,"price":66967.38,"bids":[[66967.37,0.57275],[66967.25,0.02986],[66967.03,0.02317],[66967.01,0.16475],[66967,0.0728],[66966.5,0.0728],[66966,0.0728],[66965.5,0.0728],[66965.04,0.04082],[66964.5,0.0728],[66964,0.0728],[66963.5,0.0728],[66963.21,0.00152],[66961.78,0.29844],[66961.77,0.91326],[66961.76,2.9867],[66961.44,0.00009],[66958.92,0.00009],[66958.75,0.15186],[66958.45,0.02884]],"asks":[[66967.38,0.75785],[66969,0.00009],[66970.12,0.00012],[66970.21,0.02606],[66971.41,0.02],[66971.52,0.00009],[66971.88,0.04],[66972.61,0.01119],[66972.78,0.0112],[66973.7,0.09729],[66973.72,0.22397],[66974.04,0.00009],[66974.08,0.081],[66975.01,0.04],[66975.4,0.02],[66976.56,0.00009],[66976.8,0.00012],[66979.08,0.00009],[66980.41,0.11383],[66980.42,0.29844]]}
{"type":"tick","time":1775234898956,"price":66982.81,"bids":[[66982.8,1.16888],[66982.58,0.04116],[66982.01,0.92918],[66982,0.0728],[66981.5,0.0728],[66981.13,2.98584],[66981.01,0.02986],[66979.09,0.31861],[66979.08,0.29844],[66979.07,0.14135],[66979,0.0728],[66978.93,0.08],[66978.85,0.13001],[66978.8,0.11994],[66978.6,0.08],[66978.5,0.0728],[66978,0.0729],[66977.5,0.0728],[66974.08,0.008],[66974.06,0.08908]],"asks":[[66982.81,0.22401],[66984.12,0.00009],[66985.03,0.02898],[66986.64,0.00009],[66987.04,0.07898],[66987.05,0.20451],[66987.11,0.04],[66987.32,0.02],[66989.16,0.00009],[66990.16,0.00012],[66990.37,0.16171],[66990.96,0.41069],[66991.68,0.00009],[66992,0.011],[66992.01,0.02],[66993.31,0.28275],[66993.85,0.081],[66994.2,0.00009],[66994.25,0.05242],[66995.99,0.29844]]}
{"type":"tick","time":1775234901245,"price":66982.81,"bids":[[66982.8,1.16888],[66982.58,0.04116],[66982.01,0.92918],[66982,0.0728],[66981.5,0.0728],[66981.3,0.02986],[66981.13,2.98584],[66979.09,0.31861],[66979.08,0.29844],[66979.07,0.06135],[66979,0.0728],[66978.85,0.13001],[66978.8,0.11994],[66978.6,0.08],[66978.5,0.0728],[66978,0.0728],[66977.5,0.0728],[66976.56,0.00009],[66974.08,0.008],[66974.06,0.08908]],"asks":[[66982.81,0.02349],[66984.12,0.00009],[66985.03,0.02898],[66986.64,0.00009],[66987.04,0.07898],[66987.05,0.20451],[66987.11,0.04],[66987.32,0.02],[66989.16,0.00009],[66990.16,0.00012],[66990.37,0.16171],[66991.68,0.00009],[66992,0.011],[66992.01,0.02],[66992.58,0.01119],[66993.3,0.29844],[66993.31,0.28275],[66993.85,0.081],[66994.2,0.00009],[66994.25,0.05242]]}
{"type":"tick","time":1775234902217,"price":66982.8,"bids":[[66982.8,1.16888],[66982.58,0.04116],[66982.11,0.02986],[66982.01,0.92918],[66982,0.0728],[66981.5,0.0728],[66981.13,2.98584],[66979.09,0.31861],[66979.08,0.29844],[66979.07,0.06135],[66979,0.0728],[66978.85,0.13001],[66978.8,0.11994],[66978.6,0.08],[66978.5,0.0728],[66978,0.0728],[66977.5,0.0728],[66976.56,0.00009],[66974.08,0.008],[66974.06,0.08908]],"asks":[[66982.81,0.12853],[66984.12,0.00009],[66985.19,0.0288],[66986.63,0.08097],[66986.64,0.21803],[66987.11,0.04],[66987.32,0.02],[66989.16,0.00009],[66990.16,0.00012],[66990.37,0.1017],[66991.68,0.00009],[66992,0.011],[66992.01,0.02],[66992.58,0.01119],[66993.3,0.29844],[66993.31,0.15075],[66993.85,0.081],[66994.2,0.00009],[66994.25,0.05242],[66995.99,0.29844]]}
{"type":"tick","time":1775234903659,"price":66982.81,"bids":[[66982.8,1.14479],[66982.58,0.04116],[66982.39,0.02317],[66982.11,0.02986],[66982.01,0.92918],[66982,0.0728],[66981.5,0.0728],[66981.13,2.98584],[66979.09,0.20375],[66979.07,0.06135],[66979,0.0728],[66978.85,0.13001],[66978.8,0.11994],[66978.6,0.08],[66978.5,0.0728],[66978,0.0728],[66977.5,0.0728],[66976.56,0.00009],[66974.08,0.008],[66974.06,0.08908]],"asks":[[66982.81,0.18605],[66984.12,0.00009],[66985.19,0.0288],[66986.26,0.06531],[66986.27,0.21881],[66986.64,0.00009],[66987.1,0.01566],[66987.11,0.04],[66987.32,0.02],[66989.16,0.00009],[66990.16,0.00012],[66990.37,0.1017],[66991.68,0.00009],[66992,0.011],[66992.01,0.02],[66992.58,0.01119],[66993.3,0.29844],[66993.31,0.15075],[66993.85,0.081],[66994.2,0.00009]]}
{"type":"tick","time":1775234904335,"price":66982.81,"bids":[[66982.8,1.14479],[66982.58,0.04116],[66982.11,0.02986],[66982.01,0.92918],[66982,0.0728],[66981.5,0.0728],[66981.38,0.02317],[66981.13,2.98584],[66979.09,0.20375],[66979.07,0.06135],[66979,0.0728],[66978.85,0.10349],[66978.8,0.11994],[66978.6,0.08],[66978.5,0.0728],[66978,0.0728],[66977.5,0.0728],[66976.56,0.00009],[66974.09,0.02652],[66974.08,0.008]],"asks":[[66982.81,0.3209],[66984.12,0.00009],[66985.19,0.0288],[66986.27,0.21881],[66986.64,0.00009],[66987.1,0.01566],[66987.11,0.04],[66987.32,0.02],[66989.16,0.00009],[66990.16,0.00012],[66990.37,0.1017],[66991.68,0.00009],[66992,0.011],[66992.01,0.02],[66992.58,0.01119],[66993.3,0.29844],[66993.31,0.15075],[66993.85,0.081],[66994.2,0.00009],[66994.25,0.05242]]}
{"type":"tick","time":1775234906064,"price":66984.11,"bids":[[66984.11,1.33139],[66984,0.0728],[66983.5,0.0728],[66983,0.0728],[66982.81,0.124],[66982.8,0.93775],[66982.58,0.04116],[66982.5,0.0728],[66982,0.0728],[66981.5,0.0728],[66981.38,0.02317],[66981.13,2.98584],[66979.09,0.12431],[66979,0.0728],[66978.85,0.10349],[66978.8,0.11994],[66978.6,0.08],[66978.08,0.04],[66976.79,0.00012],[66976.56,0.00009]],"asks":[[66984.12,0.1274],[66986.64,0.00009],[66989.16,0.00009],[66989.83,0.06477],[66989.84,0.21698],[66990.16,0.00012],[66991.68,0.00009],[66992,0.011],[66992.01,0.02],[66993.03,0.14241],[66993.12,0.06],[66993.3,0.29844],[66993.31,0.15075],[66993.85,0.081],[66994.2,0.00009],[66994.25,0.05242],[66995.99,0.29844],[66996.72,0.00009],[66996.84,0.00012],[66996.89,0.00012]]}
{"type":"tick","time":1775234906683,"price":66984.12,"bids":[[66984.11,1.33129],[66984,0.0728],[66983.5,0.0728],[66983,0.0728],[66982.81,0.124],[66982.8,0.93775],[66982.58,0.04116],[66982.5,0.0728],[66982.27,0.02317],[66982,0.0728],[66981.5,0.0728],[66981.13,2.98584],[66979.09,0.12431],[66979,0.0728],[66978.85,0.10349],[66978.8,0.11994],[66978.6,0.08],[66978.08,0.04],[66976.79,0.00012],[66976.56,0.00009]],"asks":[[66984.12,0.1274],[66986.64,0.00009],[66989.16,0.00009],[66989.83,0.06477],[66989.84,0.21698],[66990.16,0.00012],[66991.68,0.00009],[66992,0.011],[66992.01,0.02],[66993.03,0.14241],[66993.12,0.06],[66993.3,0.29844],[66993.31,0.15075],[66993.85,0.081],[66994.2,0.00009],[66994.25,0.05242],[66995.99,0.29844],[66996.72,0.00009],[66996.84,0.00012],[66996.89,0.00012]]}
{"type":"tick","time":1775234907614,"price":66984.11,"bids":[[66984.11,1.3314],[66984,0.0728],[66983.5,0.0728],[66983,0.0728],[66982.81,0.124],[66982.8,0.93775],[66982.58,0.04116],[66982.5,0.0728],[66982.27,0.02317],[66982,0.0728],[66981.5,0.0728],[66981.13,2.98584],[66979.09,0.12431],[66979,0.0728],[66978.85,0.10349],[66978.8,0.11994],[66978.6,0.08],[66978.08,0.04],[66976.79,0.00012],[66976.56,0.00009]],"asks":[[66984.12,0.12738],[66985.2,0.0287],[66986.64,0.00009],[66989.16,0.00009],[66989.83,0.06477],[66989.84,0.21698],[66990.16,0.00012],[66991.68,0.00009],[66992,0.011],[66992.01,0.02],[66993.03,0.14241],[66993.12,0.06],[66993.3,0.29844],[66993.31,0.15075],[66993.85,0.081],[66994.2,0.00009],[66994.25,0.05242],[66995.99,0.29844],[66996.72,0.00009],[66996.84,0.00012]]}
{"type":"tick","time":1775234912698,"price":66984.12,"bids":[[66984.11,1.31579],[66984,0.0728],[66983.5,0.0728],[66983,0.0728],[66982.81,0.124],[66982.8,0.93775],[66982.58,0.04116],[66982.5,0.0728],[66982,0.0728],[66981.5,0.0728],[66981.13,2.98584],[66979.58,0.02],[66979.09,0.12431],[66979,0.0728],[66978.85,0.10349],[66978.8,0.11994],[66978.6,0.08],[66978.08,0.04],[66976.79,0.00012],[66976.56,0.00009]],"asks":[[66984.12,0.10768],[66985.49,0.02848],[66986.64,0.00009],[66986.75,0.00152],[66989.16,0.00009],[66989.83,0.06477],[66989.84,0.21698],[66990.16,0.00012],[66991.68,0.00009],[66992,0.011],[66992.01,0.02],[66993.03,0.01791],[66993.12,0.06],[66993.31,0.15075],[66993.85,0.081],[66994.2,0.00009],[66994.25,0.05242],[66995.99,0.29844],[66996.57,0.04],[66996.72,0.00009]]}
