{"type":"session","version":1,"recordedAt":"2026-04-03T17:25:17.913Z","symbol":"BTCUSDC","mode":"live","initialBalances":{"base":0.00001924,"quote":22.79477208},"trackedOpenPosition":null,"exchangeRules":{"minNotional":5,"minQty":0,"stepSize":0}}
{"type":"tick","time":1775237124201,"price":66870.03,"bids":[[66870.02,0.41717],[66870,0.00194],[66868.21,0.29828],[66868.2,0.05634],[66867.89,0.71232],[66867.88,0.06861],[66865.71,0.01121],[66864.05,0.04025],[66863.52,0.19021],[66863.51,0.09817],[66863.5,0.53905],[66863.23,0.00012],[66863.16,0.00009],[66862.18,0.00796],[66862.01,0.25651],[66861.19,0.081],[66861.01,0.98515],[66860.95,0.008],[66860.94,0.16488],[66860.64,0.00009]],"asks":[[66870.03,0.06683],[66870.72,0.00009],[66873.24,0.00009],[66874.27,0.00008],[66874.28,0.00008],[66874.29,0.04],[66874.62,0.01518],[66875.76,0.00009],[66876.59,0.00008],[66876.6,0.09723],[66878.28,0.00009],[66880.19,0.09845],[66880.8,0.00009],[66880.83,0.06],[66883.25,0.09061],[66883.27,0.02],[66883.28,0.00012],[66883.29,0.081],[66883.32,0.00009],[66884.48,0.20392]]}
{"type":"tick","time":1775237126287,"price":66870.03,"bids":[[66870.02,0.41717],[66870,0.00194],[66868.21,0.29828],[66868.2,0.05634],[66867.89,0.71232],[66867.88,0.06861],[66865.71,0.01121],[66864.05,0.04025],[66863.52,0.19021],[66863.51,0.09817],[66863.5,0.53905],[66863.23,0.00012],[66863.16,0.00009],[66862.19,0.00741],[66862.01,0.25651],[66861.19,0.081],[66861.01,0.98515],[66860.95,0.008],[66860.94,0.16488],[66860.74,0.05227]],"asks":[[66870.03,0.06671],[66870.72,0.00009],[66873.24,0.00009],[66874.28,0.00008],[66874.29,0.04],[66874.61,0.00008],[66874.62,0.01518],[66875.76,0.00009],[66876.6,0.09723],[66878.28,0.00009],[66880.18,0.10371],[66880.19,0.09845],[66880.8,0.00009],[66880.83,0.06],[66883.25,0.09061],[66883.27,0.02],[66883.28,0.00012],[66883.29,0.081],[66883.32,0.00009],[66884.48,0.20392]]}
{"type":"tick","time":1775237127103,"price":66870.03,"bids":[[66870.02,0.41717],[66870,0.00331],[66868.21,0.29828],[66868.2,0.05634],[66867.89,0.71232],[66867.88,0.06861],[66865.71,0.01121],[66864.05,0.04025],[66863.52,0.19021],[66863.51,0.09817],[66863.5,0.53905],[66863.23,0.00012],[66863.16,0.00009],[66862.19,0.00741],[66862.01,0.25651],[66861.19,0.081],[66861.01,0.98515],[66860.95,0.008],[66860.94,0.16488],[66860.74,0.05227]],"asks":[[66870.03,0.06647],[66870.72,0.00009],[66873.24,0.00009],[66874.28,0.00008],[66874.29,0.04],[66874.61,0.00008],[66874.62,0.01518],[66875.76,0.00009],[66876.6,0.09723],[66878.28,0.00009],[66878.99,0.00152],[66880.18,0.10371],[66880.19,0.09845],[66880.8,0.00009],[66880.83,0.06],[66883.25,0.09061],[66883.27,0.02],[66883.28,0.00012],[66883.29,0.081],[66883.32,0.00009]]}
{"type":"tick","time":1775237128787,"price":66870.02,"bids":[[66870.02,0.41717],[66870.01,0.00008],[66870,0.00352],[66868.24,0.00008],[66868.23,0.25003],[66868.22,0.53905],[66868.2,0.05634],[66867.89,0.17327],[66867.88,0.06861],[66865.71,0.01121],[66864.05,0.04025],[66863.52,0.19021],[66863.51,0.09817],[66863.5,0.53905],[66863.23,0.00012],[66863.16,0.00009],[66862.19,0.00741],[66862.01,0.25651],[66861.19,0.081],[66861.02,0.98515]],"asks":[[66870.03,0.06618],[66870.72,0.00009],[66873.24,0.00009],[66874.28,0.04552],[66874.29,0.04],[66874.62,0.01518],[66875.76,0.00009],[66876.6,0.09723],[66878.28,0.00009],[66878.99,0.00152],[66880.18,0.10371],[66880.19,0.09845],[66880.8,0.00009],[66880.83,0.06],[66883.25,0.09061],[66883.27,0.02],[66883.28,0.00012],[66883.29,0.081],[66883.32,0.00009],[66884.48,0.20392]]}
{"type":"tick","time":1775237129326,"price":66860.64,"bids":[[66863.16,0.00049],[66861.21,0.00008],[66861.2,0.00008],[66860.95,0.00008],[66860.94,0.16488],[66860.64,0.00009],[66858.12,0.00009],[66856.55,0.00012],[66855.6,0.00009],[66855.34,0.04],[66853.31,0.00635],[66853.08,0.04254],[66853.07,0.081],[66850.58,0.00088],[66850.56,0.00009],[66849.87,0.00012],[66849.55,0.53905],[66849.54,0.1669],[66849.19,0.98515],[66848.04,0.00009]],"asks":[[66863.17,1.044],[66863.5,0.0735],[66863.52,0.61798],[66863.53,0.14422],[66864,0.0735],[66864.5,0.0735],[66865,0.0735],[66865.71,0.008],[66866,0.0735],[66866.33,0.01691],[66867.89,0.80277],[66867.9,0.12771],[66868,0.0735],[66868.5,0.0735],[66870.03,0.00198],[66870.49,0.08378],[66870.72,0.00009],[66870.96,0.02],[66871.49,0.05983],[66873.24,0.00009]]}
{"type":"tick","time":1775237130062,"price":66858.12,"bids":[[66858.12,0.00032],[66858.1,0.0001],[66856.58,0.00008],[66856.57,0.01121],[66855.6,0.00009],[66853.09,0.00008],[66853.08,0.00009],[66852.12,0.02991],[66851.44,0.00008],[66851.43,0.081],[66850.58,0.00088],[66850.56,0.00009],[66849.87,0.00012],[66849.59,0.00008],[66849.58,0.20697],[66849.55,0.53905],[66848.28,0.00515],[66848.04,0.00009],[66846.7,0.27353],[66845.52,0.00009]],"asks":[[66858.13,0.52752],[66858.5,0.0735],[66858.99,0.04388],[66859,0.0735],[66859.5,0.0735],[66860.99,0.06179],[66861,0.0735],[66862,0.0735],[66863.17,0.06],[66863.49,0.04729],[66863.5,0.0735],[66863.53,0.04002],[66863.71,0.01652],[66864.05,0.02],[66865.7,0.02],[66865.71,0.008],[66866.33,0.01691],[66867.87,0.11146],[66867.88,0.16452],[66867.89,0.54705]]}
{"type":"tick","time":1775237130923,"price":66856.57,"bids":[[66856.57,0.01129],[66856.55,0.00021],[66855.6,0.00009],[66853.08,0.00009],[66851.75,0.00008],[66851.74,0.01121],[66850.58,0.00088],[66850.56,0.00009],[66849.87,0.00012],[66849.02,0.00008],[66849.01,0.0232],[66848.04,0.00009],[66846.71,0.09131],[66846.7,0.27353],[66845.94,0.00476],[66845.52,0.00009],[66844.22,0.53905],[66843.85,0.4112],[66843.35,0.20308],[66843.28,0.081]],"asks":[[66856.58,1.29484],[66856.59,0.27311],[66857,0.0735],[66857.02,0.01644],[66857.5,0.0735],[66858.5,0.0735],[66859,0.0735],[66859.5,0.0735],[66860.99,0.04388],[66861,0.0735],[66862,0.0735],[66863.52,0.18319],[66863.53,0.04002],[66864.05,0.02],[66865.17,0.53905],[66865.7,0.02],[66865.71,0.008],[66867.85,0.47092],[66867.86,0.98515],[66867.89,0.54705]]}
{"type":"tick","time":1775237135273,"price":66851.75,"bids":[[66851.74,0.52903],[66850.58,0.00088],[66850.56,0.00009],[66849.87,0.00012],[66849.2,0.00008],[66849.19,0.01884],[66849.18,0.02323],[66849.03,0.00008],[66849.02,0.03946],[66848.04,0.00009],[66846.7,0.30354],[66845.52,0.00009],[66845.05,0.06244],[66844.22,0.53905],[66843.88,0.0041],[66843.85,0.4112],[66843.37,0.18628],[66843.28,0.081],[66843.19,0.00012],[66843,0.00009]],"asks":[[66851.75,0.60139],[66852.98,0.00008],[66852.99,0.02202],[66853,0.0735],[66855.5,0.0735],[66856.51,0.09872],[66856.57,0.0531],[66856.58,0.15707],[66856.59,0.1353],[66856.99,0.02685],[66857,0.0735],[66857.02,0.01644],[66858.12,0.00009],[66863.24,0.00012],[66863.52,0.18319],[66864.05,0.02],[66865.17,0.53905],[66865.68,0.00009],[66865.7,0.02],[66865.71,0.008]]}
{"type":"tick","time":1775237135886,"price":66851.74,"bids":[[66851.74,0.52903],[66851.72,0.00017],[66850.58,0.00088],[66850.56,0.00009],[66849.87,0.00012],[66849.2,0.00008],[66849.19,0.01884],[66849.18,0.02323],[66849.03,0.00008],[66849.02,0.03946],[66848.04,0.00009],[66846.7,0.30354],[66845.52,0.00009],[66845.05,0.06244],[66844.22,0.53905],[66843.85,0.4112],[66843.37,0.18628],[66843.28,0.081],[66843.19,0.00012],[66843,0.00009]],"asks":[[66851.75,0.69729],[66852.98,0.00008],[66852.99,0.02202],[66853,0.0735],[66855.5,0.0735],[66856.51,0.09872],[66856.57,0.0531],[66856.58,0.15707],[66856.59,0.1353],[66856.99,0.02685],[66857,0.0735],[66857.02,0.01644],[66858.12,0.00009],[66860.64,0.00009],[66863.24,0.00012],[66863.52,0.18319],[66864.05,0.02],[66865.17,0.53905],[66865.68,0.00009],[66865.7,0.02]]}
{"type":"tick","time":1775237138864,"price":66851.75,"bids":[[66851.74,0.52512],[66851.72,0.00017],[66850.58,0.00088],[66850.56,0.00009],[66849.87,0.00012],[66849.2,0.00008],[66849.19,0.01884],[66849.18,0.02323],[66849.03,0.00008],[66849.02,0.03946],[66848.04,0.00009],[66846.7,0.30354],[66845.52,0.00009],[66845.05,0.06244],[66844.22,0.53905],[66843.85,0.4112],[66843.37,0.18628],[66843.28,0.081],[66843.19,0.00012],[66843,0.00009]],"asks":[[66851.75,0.60129],[66852.99,0.02194],[66853,0.0735],[66855.5,0.0735],[66856.51,0.09872],[66856.57,0.0531],[66856.58,0.15707],[66856.59,0.1353],[66856.99,0.02685],[66857,0.0735],[66857.02,0.01644],[66858.12,0.00009],[66860.64,0.00009],[66863.16,0.00009],[66863.24,0.00012],[66863.52,0.18319],[66864.05,0.02],[66865.17,0.53905],[66865.68,0.00009],[66865.7,0.02]]}
{"type":"tick","time":1775237139569,"price":66851.74,"bids":[[66851.74,0.52512],[66851.72,0.00017],[66850.58,0.00088],[66850.56,0.00009],[66849.87,0.00012],[66849.2,0.00008],[66849.19,0.01884],[66849.18,0.02323],[66849.03,0.00008],[66849.02,0.03946],[66848.04,0.00009],[66846.7,0.30354],[66845.52,0.00009],[66845.05,0.06244],[66844.22,0.53905],[66843.85,0.4112],[66843.37,0.18628],[66843.28,0.081],[66843.19,0.00012],[66843,0.00009]],"asks":[[66851.75,0.60049],[66852.98,0.00008],[66852.99,0.02202],[66853,0.0735],[66855.5,0.0735],[66856.51,0.09872],[66856.57,0.0531],[66856.58,0.15707],[66856.59,0.1353],[66856.99,0.02685],[66857,0.0735],[66857.02,0.01644],[66858.12,0.00009],[66860.64,0.00009],[66863.16,0.00009],[66863.24,0.00012],[66863.52,0.18319],[66864.05,0.02],[66865.17,0.53905],[66865.68,0.00009]]}
{"type":"tick","time":1775237151837,"price":66849.03,"bids":[[66849.02,0.38774],[66848.51,0.05084],[66848.5,0.0735],[66848.13,0.02323],[66848.04,0.00009],[66848,0.0735],[66845.58,0.01794],[66845.57,0.06],[66845.52,0.00009],[66843.19,0.00012],[66843.12,0.54601],[66843.11,0.53905],[66843,0.00009],[66842.89,0.01636],[66841.51,0.98515],[66840.48,0.00009],[66840.04,0.01673],[66840.03,0.34912],[66840.02,0.53905],[66838.22,0.00685]],"asks":[[66849.03,0.00189],[66850.78,0.02323],[66851.74,0.00008],[66851.75,0.01936],[66851.99,0.00008],[66852,0.0735],[66852.99,0.00008],[66853,0.0735],[66853.87,0.01121],[66854.19,0.01696],[66855.59,0.02],[66855.6,0.00009],[66855.71,0.07901],[66855.74,0.01121],[66856.56,0.00012],[66856.58,0.03707],[66856.59,0.1353],[66857.02,0.01644],[66858.12,0.00009],[66858.51,0.02388]]}
{"type":"tick","time":1775237152819,"price":66850.78,"bids":[[66850.77,1.04977],[66849.04,0.05569],[66849.02,0.03946],[66848.5,0.0735],[66848.04,0.00009],[66848,0.0735],[66845.58,0.03982],[66845.57,0.06],[66845.52,0.00009],[66844.08,0.081],[66843.19,0.00012],[66843.12,0.45991],[66843.11,0.53905],[66843,0.00009],[66842.89,0.01636],[66841.51,0.98515],[66840.48,0.00009],[66840.04,0.01673],[66840.03,0.34912],[66840.02,0.53905]],"asks":[[66850.78,0.0249],[66851.99,0.00008],[66852,0.0735],[66852.99,0.00008],[66853,0.0735],[66853.87,0.01121],[66854.19,0.01696],[66855.6,0.00009],[66855.74,0.01121],[66856.56,0.00012],[66856.57,0.05145],[66856.58,0.03707],[66856.59,0.1353],[66857.02,0.01644],[66858.11,0.02],[66858.12,0.00009],[66858.51,0.02388],[66859.18,0.06],[66860.64,0.00009],[66861.28,0.03618]]}
{"type":"tick","time":1775237159244,"price":66852.34,"bids":[[66852.33,0.60475],[66852.32,0.33798],[66852.31,0.00029],[66852,0.0735],[66851.98,0.09367],[66851.5,0.0735],[66851,0.0735],[66850.77,0.09149],[66850.5,0.0735],[66850.46,0.02323],[66849.04,0.05569],[66849.02,0.03946],[66848.5,0.0735],[66848.04,0.00009],[66848,0.0735],[66847.54,0.04044],[66845.95,0.0171],[66845.58,0.01794],[66845.52,0.00009],[66844.08,0.081]],"asks":[[66852.34,0.22375],[66855.6,0.00009],[66855.73,0.00008],[66855.74,0.01121],[66856.56,0.0002],[66856.57,0.05156],[66856.58,0.03715],[66856.59,0.1353],[66857.02,0.01644],[66858.11,0.02],[66858.12,0.00009],[66859.6,0.01122],[66860.63,0.06987],[66860.64,0.00009],[66861.58,0.02],[66862.4,0.09037],[66862.41,0.081],[66862.62,0.02],[66862.88,0.04],[66863.16,0.00009]]}
{"type":"tick","time":1775237165364,"price":66852.33,"bids":[[66852.33,0.73371],[66852.32,0.33798],[66852.31,0.00029],[66852.25,0.02323],[66852,0.0735],[66851.98,0.09625],[66851.5,0.0735],[66851,0.07467],[66850.77,0.09149],[66850.5,0.0735],[66849.04,0.05569],[66849.02,0.03946],[66848.5,0.0735],[66848.04,0.00009],[66848,0.0735],[66847.54,0.04044],[66845.95,0.0171],[66845.83,0.18703],[66845.82,0.53905],[66845.52,0.00009]],"asks":[[66852.34,0.0263],[66854.18,0.00008],[66854.19,0.01707],[66855.6,0.00009],[66856.19,0.00008],[66856.2,0.04],[66856.56,0.0002],[66856.57,0.05148],[66856.58,0.03715],[66856.59,0.1353],[66857.02,0.01644],[66858.11,0.02],[66858.12,0.00009],[66859.6,0.01122],[66860.63,0.06987],[66860.64,0.00009],[66861.47,0.01121],[66861.58,0.02],[66862.4,0.09037],[66862.41,0.081]]}
{"type":"tick","time":1775237172526,"price":66852.34,"bids":[[66852.33,0.71199],[66852.32,0.33798],[66852.31,0.00029],[66852.25,0.02323],[66852,0.0735],[66851.98,0.09625],[66851.5,0.0735],[66851,0.07467],[66850.77,0.09149],[66850.5,0.0735],[66849.04,0.05569],[66849.02,0.03946],[66848.5,0.0735],[66848.04,0.00009],[66848,0.0735],[66847.54,0.04044],[66845.95,0.0171],[66845.83,0.18703],[66845.82,0.53905],[66845.52,0.00009]],"asks":[[66852.34,0.0263],[66854.18,0.00008],[66854.19,0.01707],[66855.6,0.00009],[66856.19,0.00008],[66856.2,0.04],[66856.56,0.00012],[66856.57,0.00008],[66856.58,0.03715],[66856.59,0.1353],[66857.02,0.01644],[66858.11,0.02],[66858.12,0.00009],[66859.6,0.01122],[66860.63,0.03618],[66860.64,0.00009],[66861.47,0.01121],[66861.58,0.02],[66862.41,0.081],[66862.62,0.02]]}
{"type":"tick","time":1775237176314,"price":66854.18,"bids":[[66854.18,0.626],[66854.16,0.03463],[66852.35,0.38945],[66852.34,0.53905],[66852.33,0.16316],[66852.32,0.13921],[66852,0.0735],[66851.98,0.09625],[66851.5,0.0735],[66851,0.07467],[66850.77,0.09149],[66850.5,0.0735],[66849.35,0.03582],[66849.34,0.04],[66849.02,0.03946],[66848.04,0.00009],[66847.54,0.04044],[66845.95,0.0171],[66845.83,0.18703],[66845.82,0.53905]],"asks":[[66854.19,0.04145],[66855.6,0.00009],[66856.19,0.00008],[66856.2,0.04],[66856.56,0.00012],[66856.57,0.00008],[66856.58,0.03715],[66856.59,0.1353],[66858.12,0.00009],[66859.01,0.01646],[66860.64,0.00009],[66861.58,0.02],[66862.4,0.04215],[66862.41,0.081],[66862.88,0.04],[66863.16,0.00009],[66863.23,0.02],[66863.24,0.00012],[66864.34,0.01122],[66864.58,0.03975]]}
{"type":"tick","time":1775237179882,"price":66854.19,"bids":[[66854.18,0.62486],[66854.16,0.03463],[66853,0.0771],[66852.35,0.38945],[66852.34,0.53905],[66852.33,0.16316],[66852.32,0.13921],[66852,0.0735],[66851.98,0.09625],[66851.5,0.0735],[66851,0.07467],[66850.77,0.09149],[66850.5,0.0735],[66850.34,0.02],[66849.35,0.03582],[66849.34,0.04],[66849.02,0.03946],[66848.04,0.00009],[66847.54,0.04044],[66845.95,0.0171]],"asks":[[66854.19,0.02355],[66855.6,0.00009],[66856.19,0.00008],[66856.2,0.04],[66856.56,0.00012],[66856.57,0.00008],[66856.58,0.03715],[66856.59,0.1353],[66858.12,0.00009],[66859.01,0.01646],[66860.64,0.00009],[66861.58,0.02],[66862.4,0.03021],[66862.41,0.081],[66863.16,0.00009],[66863.23,0.02],[66863.24,0.00012],[66864.58,0.03975],[66865.68,0.10518],[66865.71,0.008]]}
{"type":"tick","time":1775237181163,"price":66854.19,"bids":[[66854.18,0.62486],[66854.16,0.03463],[66853,0.0771],[66852.35,0.38945],[66852.34,0.53905],[66852.33,0.16316],[66852.32,0.13921],[66852,0.0735],[66851.98,0.09625],[66851.5,0.0735],[66851,0.07467],[66850.77,0.09149],[66850.5,0.0735],[66850.34,0.02],[66849.35,0.03582],[66849.34,0.04],[66849.02,0.03946],[66848.04,0.00009],[66847.54,0.04044],[66845.95,0.0171]],"asks":[[66854.19,0.02083],[66855.6,0.00009],[66856.19,0.00008],[66856.2,0.04],[66856.56,0.00012],[66856.57,0.00008],[66856.58,0.03715],[66856.59,0.1353],[66858.12,0.00009],[66859.01,0.01646],[66860.64,0.00009],[66861.58,0.02],[66862.4,0.03021],[66862.41,0.081],[66863.16,0.00009],[66863.23,0.02],[66863.24,0.00012],[66864.58,0.03975],[66865.68,0.10518],[66865.71,0.008]]}
{"type":"tick","time":1775237182538,"price":66854.19,"bids":[[66854.18,0.62495],[66854.16,0.03463],[66853,0.0771],[66852.35,0.38945],[66852.34,0.53905],[66852.33,0.16316],[66852.32,0.13921],[66852,0.0735],[66851.98,0.09625],[66851.5,0.0735],[66851,0.07467],[66850.77,0.09149],[66850.5,0.0735],[66850.34,0.02],[66849.35,0.03582],[66849.34,0.04],[66849.02,0.03946],[66848.04,0.00009],[66847.54,0.04044],[66845.95,0.0171]],"asks":[[66854.19,0.00032],[66855.25,0.02323],[66855.6,0.00009],[66856.19,0.00008],[66856.2,0.04],[66856.56,0.00012],[66856.57,0.00008],[66856.58,0.03715],[66856.59,0.1353],[66858.12,0.00009],[66859.01,0.01646],[66860.64,0.00009],[66861.58,0.02],[66862.4,0.03021],[66862.41,0.081],[66863.16,0.00009],[66863.23,0.02],[66863.24,0.00012],[66864.58,0.03975],[66865.68,0.10518]]}
{"type":"tick","time":1775237183038,"price":66859.01,"bids":[[66859,0.7076],[66858.12,0.22832],[66858.11,0.10423],[66857.5,0.0771],[66857.02,0.04084],[66857,0.0771],[66856.2,0.008],[66856,0.0771],[66855.6,0.73693],[66855.59,0.66865],[66855.5,0.0771],[66855.33,0.1296],[66855.24,0.00169],[66855,0.0771],[66854,0.0771],[66852.37,0.65666],[66852.36,0.98515],[66852.34,0.53905],[66852.33,0.03356],[66852.32,0.13921]],"asks":[[66859.01,0.00032],[66860.4,0.00008],[66860.64,0.00009],[66861.57,0.00008],[66861.58,0.02],[66863.16,0.00009],[66863.22,0.00008],[66863.23,0.02],[66863.24,0.00012],[66864.24,0.02323],[66865.68,0.00009],[66866.29,0.03917],[66866.3,0.09094],[66866.31,0.04],[66867.85,0.08746],[66867.9,0.04522],[66868.2,0.00009],[66868.63,0.081],[66869.12,0.02],[66869.74,0.00152]]}
{"type":"tick","time":1775237186838,"price":66863.16,"bids":[[66861.57,0.98406],[66861.55,0.03436],[66859.44,0.08123],[66858,0.0771],[66857.5,0.0771],[66857.02,0.04084],[66857,0.0771],[66856.92,0.04],[66855.61,0.17269],[66855.6,0.12969],[66855.59,0.53905],[66854,0.03946],[66852.37,0.65666],[66852.36,0.98515],[66852.34,0.53905],[66852.33,0.03356],[66852.32,0.13921],[66852.23,0.01761],[66851.98,0.09625],[66851.49,0.00567]],"asks":[[66861.58,0.00016],[66863.16,0.00009],[66863.24,0.00012],[66863.93,0.02323],[66864.41,0.00008],[66865.68,0.00009],[66867.79,0.00008],[66867.8,0.05013],[66867.89,0.00008],[66867.9,0.04522],[66868.2,0.00009],[66868.62,0.02008],[66868.63,0.081],[66869.11,0.02],[66869.62,0.04],[66869.74,0.00152],[66869.92,0.00012],[66870.35,0.02292],[66870.72,0.00009],[66870.73,0.00024]]}
{"type":"tick","time":1775237187487,"price":66863.93,"bids":[[66863.92,0.62372],[66863.19,0.00008],[66863.18,0.078],[66863.16,0.00008],[66863.15,0.16088],[66860.5,0.0771],[66858.12,0.00009],[66857.03,0.02413],[66857.02,0.04084],[66856.92,0.04],[66856.55,0.00012],[66855.61,0.17269],[66855.6,0.00009],[66855.59,0.53905],[66854,0.03946],[66852.37,0.65666],[66852.36,0.98515],[66852.34,0.53905],[66852.33,0.03356],[66852.32,0.13921]],"asks":[[66863.93,0.25668],[66865.68,0.00009],[66867.8,0.03192],[66867.9,0.04522],[66868.2,0.00009],[66868.62,0.02],[66869.62,0.04],[66869.74,0.00152],[66869.92,0.00012],[66870.72,0.00009],[66870.73,0.00024],[66873.22,0.3625],[66873.23,0.53905],[66873.24,0.00009],[66873.28,0.01121],[66873.62,0.02],[66873.66,0.02162],[66873.94,0.02371],[66875.69,0.05309],[66875.76,0.00009]]}
{"type":"tick","time":1775237188415,"price":66863.92,"bids":[[66863.92,0.6238],[66863.91,0.00008],[66863.9,0.03436],[66863.19,0.00008],[66863.18,0.078],[66863.16,0.00008],[66863.15,0.16088],[66860.5,0.0771],[66858.12,0.00009],[66857.03,0.02413],[66857.02,0.04084],[66856.92,0.04],[66856.55,0.00012],[66855.61,0.17269],[66855.6,0.00009],[66855.59,0.53905],[66854,0.03946],[66852.37,0.65666],[66852.36,0.98515],[66852.34,0.53905]],"asks":[[66863.93,0.25658],[66865.68,0.00009],[66867.79,0.00008],[66867.8,0.03192],[66867.89,0.00008],[66867.9,0.04522],[66868.2,0.00009],[66868.62,0.02],[66869.62,0.04],[66869.74,0.00152],[66869.92,0.00012],[66870.72,0.00009],[66870.73,0.00024],[66873.2,0.15628],[66873.21,0.02],[66873.22,0.20564],[66873.23,0.53905],[66873.24,0.00009],[66873.28,0.01121],[66873.62,0.02]]}
{"type":"tick","time":1775237191878,"price":66863.93,"bids":[[66863.92,0.62357],[66863.91,0.00008],[66863.9,0.03436],[66863.19,0.00008],[66863.18,0.078],[66863.16,0.00173],[66863.15,0.16088],[66863,0.03946],[66860.5,0.0771],[66858.12,0.00009],[66857.03,0.02413],[66857.02,0.04084],[66856.92,0.04],[66856.55,0.00012],[66855.61,0.17269],[66855.6,0.0177],[66855.59,0.53905],[66853.08,0.00009],[66852.76,0.00577],[66852.37,0.65759]],"asks":[[66863.93,0.1947],[66863.94,0.01746],[66865.68,0.00009],[66866.72,0.00008],[66866.73,0.01746],[66867.8,0.03192],[66867.9,0.04522],[66868.2,0.00009],[66868.62,0.02],[66869.62,0.04],[66869.74,0.00152],[66869.92,0.00012],[66870.25,0.04556],[66870.26,0.04],[66870.62,0.081],[66870.72,0.00009],[66870.73,0.00024],[66873.21,0.02],[66873.24,0.00009],[66873.28,0.01121]]}
{"type":"tick","time":1775237194888,"price":66863.93,"bids":[[66863.92,0.62357],[66863.91,0.00008],[66863.9,0.0347],[66863.18,0.078],[66863.16,0.00165],[66863.15,0.16088],[66863,0.03946],[66860.5,0.0771],[66858.12,0.00009],[66857.03,0.02413],[66857.02,0.04084],[66856.92,0.04],[66856.55,0.00012],[66855.61,0.17393],[66855.6,0.0177],[66855.59,0.53905],[66853.08,0.00009],[66852.76,0.00577],[66852.37,0.65759],[66852.36,0.98515]],"asks":[[66863.93,0.03589],[66863.94,0.01746],[66865.68,0.00009],[66866.72,0.00008],[66866.73,0.01746],[66867.79,0.00008],[66867.8,0.03192],[66867.89,0.00008],[66867.9,0.04522],[66868.2,0.00009],[66868.62,0.02],[66869.62,0.04],[66869.74,0.00152],[66869.92,0.00012],[66870.25,0.04556],[66870.26,0.04],[66870.62,0.081],[66870.72,0.00009],[66870.73,0.00024],[66873.21,0.02]]}
{"type":"tick","time":1775237196199,"price":66867.9,"bids":[[66867.89,0.66064],[66866.31,0.03528],[66866.3,0.04084],[66863.5,0.0771],[66863.16,0.00165],[66863,0.03946],[66862.5,0.0771],[66861.82,0.16093],[66861.81,0.53905],[66861.2,0.081],[66860.64,0.00009],[66859.74,0.00213],[66858.59,0.4851],[66858.58,0.98515],[66858.57,0.53905],[66858.12,0.00009],[66858.02,0.02],[66856.92,0.04],[66856.55,0.00012],[66855.61,0.17393]],"asks":[[66867.9,0.08622],[66867.95,0.00008],[66867.96,0.02321],[66868.2,0.00009],[66869.74,0.00152],[66870.25,0.00008],[66870.26,0.04],[66870.72,0.00009],[66873.24,0.00009],[66873.28,0.01121],[66873.84,0.05253],[66873.85,0.06],[66874.59,0.081],[66875.75,0.02],[66875.76,0.00009],[66876.6,0.08606],[66878.28,0.00009],[66878.89,0.03584],[66878.9,0.08887],[66878.93,0.01121]]}
{"type":"tick","time":1775237197137,"price":66867.95,"bids":[[66867.95,0.95074],[66867.92,0.10573],[66867.9,0.1296],[66867.89,0.05312],[66867.87,0.03567],[66866.3,0.04084],[66863.5,0.0771],[66863.16,0.00165],[66863,0.03946],[66862.5,0.0771],[66861.82,0.16093],[66861.81,0.53905],[66861.2,0.081],[66860.64,0.00009],[66859.74,0.00213],[66858.59,0.4851],[66858.58,0.98515],[66858.57,0.53905],[66858.12,0.00009],[66858.02,0.02]],"asks":[[66867.96,0.11],[66868.2,0.00009],[66869.73,0.00008],[66869.74,0.00152],[66870.25,0.00008],[66870.26,0.04],[66870.72,0.00009],[66873.24,0.00009],[66873.27,0.00008],[66873.28,0.01121],[66873.84,0.0956],[66874.59,0.081],[66875.75,0.02],[66875.76,0.00009],[66876.54,0.09563],[66876.55,0.06],[66876.6,0.00012],[66878.28,0.00009],[66878.89,0.03584],[66878.9,0.08887]]}
{"type":"tick","time":1775237198289,"price":66867.95,"bids":[[66867.95,0.71582],[66867.94,0.00008],[66867.93,0.03575],[66867.92,0.10573],[66867.91,0.00008],[66867.9,0.1296],[66867.89,0.05312],[66866.3,0.04084],[66863.5,0.0771],[66863.16,0.00165],[66863,0.03946],[66862.5,0.0771],[66861.82,0.16093],[66861.81,0.53905],[66861.2,0.081],[66860.64,0.00009],[66859.74,0.00213],[66858.59,0.4851],[66858.58,0.98515],[66858.57,0.53905]],"asks":[[66867.96,0.25539],[66868.2,0.00009],[66869.02,0.00008],[66869.03,0.02321],[66869.74,0.00152],[66870.25,0.00008],[66870.26,0.04],[66870.72,0.00009],[66873.24,0.00009],[66873.84,0.0956],[66874.59,0.081],[66875.75,0.02],[66875.76,0.00009],[66876.54,0.09563],[66876.55,0.06],[66876.6,0.00012],[66878.28,0.00009],[66878.89,0.03584],[66878.9,0.08887],[66878.93,0.01121]]}
{"type":"tick","time":1775237202342,"price":66863,"bids":[[66863,0.04132],[66862.99,0.00008],[66862.98,0.02152],[66862.14,0.00008],[66862.13,0.02991],[66861.38,0.00008],[66861.37,0.02321],[66860.64,0.00009],[66858.12,0.00009],[66857,0.00008],[66856.99,0.04051],[66856.55,0.00212],[66855.61,0.00124],[66855.6,0.00009],[66854.28,0.11124],[66854.27,0.04459],[66854.26,0.11182],[66853.64,0.00187],[66853.08,0.00009],[66852.4,0.67026]],"asks":[[66863.01,1.03241],[66864.06,0.136],[66864.07,0.11735],[66864.16,0.01814],[66864.5,0.0771],[66865.5,0.0771],[66866.31,0.13387],[66866.5,0.0771],[66866.99,0.06956],[66867,0.0771],[66867.5,0.0771],[66868.2,0.00009],[66868.5,0.0771],[66869.74,0.00152],[66869.92,0.00012],[66870.23,0.01737],[66870.26,0.04],[66870.72,0.00009],[66872.06,0.02],[66873.24,0.00009]]}
{"type":"tick","time":1775237203342,"price":66862.14,"bids":[[66862.13,0.45769],[66862.12,0.00008],[66862.11,0.01678],[66861.38,0.00008],[66861.37,0.02321],[66860.64,0.00009],[66858.12,0.00009],[66856.99,0.04051],[66856.55,0.00212],[66855.61,0.00124],[66855.6,0.00009],[66855.12,0.17409],[66855.11,0.53905],[66853.64,0.00187],[66853.08,0.00009],[66852.4,0.67026],[66852.39,0.53905],[66852.37,0.00093],[66852.34,0.98515],[66852.33,0.03356]],"asks":[[66862.14,0.36529],[66862.68,0.02321],[66862.98,0.00008],[66862.99,0.05228],[66863,0.01035],[66863.01,0.04919],[66864.05,0.00008],[66864.06,0.14945],[66864.07,0.09414],[66864.16,0.01814],[66864.5,0.0771],[66865.5,0.0771],[66866.31,0.13387],[66866.5,0.0771],[66866.99,0.04655],[66867,0.0771],[66867.5,0.0771],[66868.2,0.00009],[66869.74,0.00152],[66869.92,0.00012]]}
{"type":"tick","time":1775237204247,"price":66862.14,"bids":[[66862.13,0.24235],[66862.12,0.00008],[66862.11,0.01714],[66861.38,0.00008],[66861.37,0.02321],[66860.64,0.00009],[66858.12,0.00009],[66857,0.00008],[66856.99,0.04051],[66856.55,0.00212],[66855.61,0.00124],[66855.6,0.00009],[66855.12,0.17409],[66855.11,0.53905],[66853.67,0.00175],[66853.08,0.00009],[66852.4,0.67026],[66852.39,0.53905],[66852.37,0.00093],[66852.34,0.98515]],"asks":[[66862.14,0.46089],[66862.67,0.00008],[66862.68,0.02321],[66862.98,0.00008],[66862.99,0.05228],[66863,0.01035],[66863.01,0.04919],[66864.06,0.14945],[66864.07,0.09414],[66864.16,0.01814],[66864.5,0.0771],[66865.5,0.0771],[66866.31,0.13387],[66866.5,0.0771],[66866.99,0.04655],[66867,0.0771],[66867.5,0.0771],[66868.2,0.00009],[66869.74,0.00152],[66869.92,0.00012]]}
{"type":"tick","time":1775237205138,"price":66862.13,"bids":[[66862.13,0.00042],[66862.12,0.00008],[66862.11,0.01714],[66861.38,0.00008],[66860.64,0.00009],[66860.6,0.02991],[66858.12,0.00009],[66857,0.00008],[66856.99,0.04051],[66856.55,0.00212],[66855.61,0.00124],[66855.6,0.00009],[66855.13,0.00008],[66855.12,0.17417],[66853.67,0.00175],[66853.08,0.00009],[66852.41,0.53905],[66852.4,0.67026],[66852.37,0.00093],[66852.33,0.03356]],"asks":[[66862.14,0.39567],[66862.5,0.081],[66862.68,0.02321],[66862.99,0.05228],[66863,0.09127],[66863.01,0.04919],[66863.5,0.081],[66864.06,0.14945],[66864.07,0.09414],[66864.16,0.01814],[66864.5,0.0771],[66865.5,0.0771],[66866.31,0.13387],[66866.5,0.0771],[66866.99,0.04655],[66867,0.0771],[66867.5,0.0771],[66868.2,0.00009],[66869.74,0.00152],[66869.92,0.00012]]}
{"type":"tick","time":1775237206800,"price":66857,"bids":[[66856.99,0.13436],[66856.98,0.01134],[66856.55,0.00212],[66855.61,0.00124],[66855.6,0.00009],[66853.08,0.00009],[66852.45,0.00008],[66852.44,0.26972],[66852.43,0.53905],[66852.37,0.00093],[66852.33,0.03356],[66852.32,0.13921],[66851.98,0.09625],[66851,0.00117],[66850.77,0.09149],[66850.61,0.00141],[66850.56,0.00009],[66849.87,0.00012],[66848.94,0.49027],[66848.93,0.98515]],"asks":[[66857,0.87167],[66858.73,0.01737],[66858.74,0.06],[66860.99,0.0888],[66861,0.081],[66862.11,0.06875],[66862.12,0.01204],[66862.14,0.02532],[66863.01,0.04919],[66863.16,0.00009],[66864.06,0.05248],[66864.07,0.09414],[66864.16,0.01814],[66866.31,0.07387],[66868.2,0.00009],[66869.74,0.00152],[66869.92,0.00012],[66870.72,0.00009],[66872.06,0.02],[66872.76,0.1654]]}
{"type":"tick","time":1775237207304,"price":66857,"bids":[[66856.99,0.38569],[66856.98,0.01134],[66856.55,0.00212],[66855.61,0.00124],[66855.6,0.00009],[66853.08,0.00009],[66852.45,0.00008],[66852.44,0.26972],[66852.43,0.53905],[66852.37,0.00093],[66852.33,0.03356],[66852.32,0.13921],[66851.98,0.09625],[66851,0.00117],[66850.77,0.09149],[66850.61,0.00141],[66850.56,0.00009],[66849.87,0.00012],[66848.94,0.49027],[66848.93,0.98515]],"asks":[[66857,0.87157],[66858.73,0.01737],[66858.74,0.06],[66860.99,0.0888],[66861,0.081],[66862.11,0.06875],[66862.12,0.01204],[66862.14,0.02532],[66863.01,0.04919],[66863.16,0.00009],[66864.06,0.05248],[66864.07,0.09414],[66864.16,0.01814],[66866.31,0.07387],[66868.2,0.00009],[66869.74,0.00152],[66869.92,0.00012],[66870.72,0.00009],[66872.06,0.02],[66872.76,0.1654]]}
{"type":"tick","time":1775237209636,"price":66857,"bids":[[66856.99,0.25599],[66856.98,0.01134],[66856.55,0.00212],[66855.61,0.00124],[66855.6,0.00009],[66853.08,0.00009],[66852.45,0.00008],[66852.44,0.26972],[66852.43,0.53905],[66852.37,0.00093],[66852.33,0.03356],[66852.32,0.13921],[66851.98,0.09625],[66851,0.00117],[66850.77,0.09149],[66850.61,0.00141],[66850.56,0.00009],[66849.87,0.00012],[66848.94,0.49027],[66848.92,0.98515]],"asks":[[66857,0.87149],[66858.73,0.01737],[66858.74,0.06],[66859.36,0.01808],[66860.99,0.0888],[66861,0.081],[66862.11,0.06875],[66862.12,0.01204],[66862.14,0.02532],[66863.01,0.04919],[66863.16,0.00009],[66864.06,0.05248],[66864.07,0.09414],[66864.16,0.01814],[66865.68,0.00009],[66866.31,0.07387],[66868.2,0.00009],[66869.74,0.00152],[66869.92,0.00012],[66870.72,0.00009]]}
{"type":"tick","time":1775237213189,"price":66852.34,"bids":[[66852.33,0.41276],[66852.32,0.1414],[66852.19,0.02991],[66851.99,0.06334],[66851.98,0.09625],[66851.91,0.02321],[66851,0.00117],[66850.77,0.09149],[66850.56,0.00009],[66849.87,0.00012],[66848.68,0.06],[66848.04,0.00009],[66846.82,0.50301],[66846.81,0.98515],[66846.8,0.53905],[66845.83,0.18703],[66845.52,0.00009],[66844.36,0.00116],[66844.1,0.53905],[66844.08,0.081]],"asks":[[66852.34,0.00213],[66853.49,0.00008],[66853.5,0.081],[66854.02,0.02321],[66854.49,0.00008],[66854.5,0.081],[66855.5,0.081],[66856,0.081],[66857,0.121],[66857.74,0.06],[66857.77,0.01811],[66858.12,0.00009],[66859.03,0.081],[66860.64,0.00009],[66862.11,0.03391],[66862.12,0.01204],[66862.14,0.02532],[66863.01,0.04919],[66863.16,0.00009],[66863.24,0.00012]]}
{"type":"tick","time":1775237213867,"price":66853.5,"bids":[[66853.49,0.97703],[66853.48,0.00239],[66853.32,0.34489],[66853.31,0.53905],[66852.34,0.1296],[66852.33,0.15856],[66852.32,0.13921],[66851.98,0.09625],[66851,0.00117],[66850.77,0.09149],[66850.56,0.00009],[66849.87,0.00012],[66848.68,0.06],[66848.04,0.00009],[66846.82,0.50301],[66846.81,0.98515],[66846.8,0.53905],[66845.83,0.18703],[66845.52,0.00009],[66844.36,0.00116]],"asks":[[66853.5,0.08313],[66854.49,0.00008],[66854.5,0.081],[66855.49,0.00008],[66855.5,0.081],[66855.55,0.02321],[66856,0.081],[66857,0.121],[66857.74,0.02],[66857.77,0.01811],[66858.12,0.00009],[66859.03,0.081],[66860.64,0.00009],[66861.13,0.04023],[66861.14,0.04],[66862.11,0.00801],[66862.12,0.01204],[66862.14,0.02532],[66863.01,0.04919],[66863.16,0.00009]]}
{"type":"tick","time":1775237214953,"price":66861.18,"bids":[[66861.17,0.02478],[66861.16,0.00503],[66859.55,0.00008],[66855.6,0.00009],[66854.5,0.00008],[66854.49,0.02721],[66854.48,0.081],[66854.18,0.04031],[66853.33,0.00008],[66853.32,0.2917],[66853.31,0.53905],[66852.33,0.02896],[66852.32,0.13921],[66851.98,0.09625],[66851,0.00117],[66850.77,0.09149],[66850.56,0.00009],[66849.87,0.00012],[66848.68,0.06],[66848.04,0.00009]],"asks":[[66861.18,0.37052],[66861.56,0.05278],[66861.57,0.02321],[66862,0.081],[66862.12,0.01204],[66862.14,0.02532],[66862.5,0.081],[66863.01,0.04919],[66863.16,0.00009],[66864.06,0.05018],[66864.07,0.09414],[66865.68,0.00009],[66866.3,0.02],[66866.31,0.07387],[66868.2,0.00009],[66869.42,0.64697],[66869.43,0.03884],[66869.49,0.02],[66869.74,0.00152],[66869.92,0.00012]]}
{"type":"tick","time":1775237217276,"price":66854.73,"bids":[[66854.72,0.39763],[66854.71,0.00554],[66854.19,0.00008],[66854.18,0.04031],[66853.33,0.00008],[66853.32,0.10662],[66852.33,0.02896],[66852.32,0.13921],[66851.98,0.09625],[66851,0.00117],[66850.77,0.09149],[66850.56,0.00009],[66849.87,0.00012],[66848.04,0.00009],[66846.87,0.45497],[66846.86,0.98515],[66846.84,0.53905],[66845.79,0.04246],[66845.78,0.06],[66845.52,0.00009]],"asks":[[66854.73,0.35657],[66857.24,0.00008],[66857.25,0.02426],[66857.26,0.06],[66858.5,0.081],[66860.64,0.00009],[66861.15,0.0555],[66861.18,0.01816],[66861.42,0.081],[66862.12,0.01204],[66862.14,0.02532],[66863.01,0.04919],[66863.16,0.00009],[66863.24,0.00012],[66863.59,0.01121],[66864.06,0.05018],[66864.07,0.09414],[66865.68,0.00009],[66866.3,0.02],[66866.31,0.07387]]}
{"type":"tick","time":1775237218229,"price":66854.72,"bids":[[66854.72,0.39763],[66854.71,0.00583],[66854.19,0.00008],[66854.18,0.04031],[66853.33,0.00008],[66853.32,0.10662],[66852.33,0.02896],[66852.32,0.13921],[66851.98,0.09625],[66851,0.00117],[66850.77,0.09149],[66850.56,0.00009],[66849.87,0.00012],[66848.04,0.00009],[66846.87,0.45497],[66846.86,0.98515],[66846.84,0.53905],[66845.79,0.04246],[66845.78,0.06],[66845.52,0.00009]],"asks":[[66854.73,0.35647],[66857.24,0.00008],[66857.25,0.02426],[66857.26,0.06],[66858.5,0.081],[66860.64,0.00009],[66861.15,0.0555],[66861.18,0.01816],[66861.42,0.081],[66862.12,0.01204],[66862.14,0.02532],[66863.01,0.04919],[66863.16,0.00009],[66863.24,0.00012],[66863.59,0.01121],[66864.06,0.05018],[66864.07,0.09414],[66865.68,0.00009],[66866.3,0.02],[66866.31,0.07387]]}
{"type":"tick","time":1775237219245,"price":66854.73,"bids":[[66854.72,0.26817],[66854.71,0.00583],[66854.19,0.00008],[66854.18,0.04031],[66853.33,0.00008],[66853.32,0.10662],[66852.33,0.02896],[66852.32,0.13921],[66851.98,0.09625],[66851,0.00117],[66850.77,0.09149],[66850.56,0.00009],[66849.87,0.00012],[66848.04,0.00009],[66846.87,0.45497],[66846.86,0.98515],[66846.84,0.53905],[66845.79,0.04246],[66845.78,0.06],[66845.52,0.00009]],"asks":[[66854.73,0.43998],[66857.25,0.02418],[66857.26,0.06],[66858.5,0.081],[66860.64,0.00009],[66861.15,0.0555],[66861.18,0.01816],[66861.42,0.081],[66862.12,0.01204],[66862.14,0.02532],[66863.01,0.04919],[66863.16,0.00009],[66863.24,0.00012],[66863.59,0.01121],[66864.06,0.05018],[66864.07,0.09414],[66865.68,0.00009],[66866.3,0.02],[66866.31,0.07387],[66867.45,0.04]]}
{"type":"tick","time":1775237220801,"price":66854.73,"bids":[[66854.72,0.2932],[66854.71,0.00583],[66854.19,0.00008],[66854.18,0.04031],[66853.32,0.10662],[66852.33,0.02896],[66852.32,0.13921],[66851.98,0.09625],[66851,0.00117],[66850.77,0.09149],[66850.56,0.00009],[66849.87,0.00012],[66848.04,0.00009],[66846.87,0.45497],[66846.86,0.98515],[66846.84,0.53905],[66845.79,0.04246],[66845.78,0.06],[66845.52,0.00009],[66845.44,0.01781]],"asks":[[66854.73,0.03514],[66857.24,0.00008],[66857.25,0.02426],[66857.26,0.06],[66858.49,0.00008],[66858.5,0.081],[66860.64,0.00009],[66861.15,0.0555],[66861.18,0.01816],[66861.42,0.081],[66862.12,0.01204],[66862.14,0.02532],[66863.01,0.04919],[66863.16,0.00009],[66863.24,0.00012],[66863.59,0.01121],[66864.06,0.05018],[66864.07,0.09414],[66865.68,0.00009],[66865.78,0.03514]]}
{"type":"tick","time":1775237221696,"price":66858.49,"bids":[[66858.49,0.71822],[66854.74,0.32168],[66854.73,0.54705],[66854.72,0.1296],[66854.18,0.04031],[66854,0.081],[66853.5,0.081],[66853.32,0.56586],[66853.08,0.00009],[66852.68,0.06],[66852.34,0.98515],[66852.33,0.02896],[66852.32,0.13921],[66851.98,0.09625],[66851.8,0.081],[66851,0.00117],[66850.77,0.09149],[66850.56,0.00009],[66850.25,0.53905],[66849.87,0.00012]],"asks":[[66858.5,0.02675],[66860.64,0.00009],[66861.17,0.00008],[66861.18,0.01816],[66861.98,0.00008],[66861.99,0.02321],[66862.11,0.00008],[66862.12,0.01204],[66862.13,0.00008],[66862.14,0.02532],[66862.47,0.00008],[66862.48,0.04],[66863.01,0.04919],[66863.16,0.00009],[66863.24,0.00012],[66864.06,0.05018],[66864.07,0.09414],[66864.78,0.02],[66865.19,0.081],[66865.68,0.00009]]}
{"type":"tick","time":1775237222348,"price":66860.5,"bids":[[66860.49,0.84258],[66858.51,0.04064],[66858.5,0.1296],[66858.49,0.1296],[66858.48,0.00655],[66854.74,0.22368],[66854.73,0.54705],[66854.18,0.04031],[66853.32,0.56586],[66853.08,0.00009],[66852.68,0.06],[66852.34,0.98515],[66852.33,0.02896],[66852.32,0.13921],[66851.98,0.09625],[66851.8,0.081],[66851,0.00117],[66850.77,0.09149],[66850.56,0.00009],[66850.25,0.53905]],"asks":[[66860.5,0.0499],[66860.64,0.00009],[66862.11,0.00008],[66862.12,0.01204],[66862.13,0.00008],[66862.14,0.02532],[66862.47,0.00008],[66862.48,0.04],[66863,0.00008],[66863.01,0.04919],[66863.16,0.00009],[66863.24,0.00012],[66864.06,0.05018],[66864.07,0.09414],[66864.78,0.02],[66865.19,0.081],[66865.68,0.00009],[66866.3,0.02],[66866.31,0.07387],[66867.44,0.02177]]}
{"type":"tick","time":1775237223474,"price":66864.06,"bids":[[66864.06,0.73388],[66864.05,0.00655],[66862.12,0.19821],[66862.11,0.53905],[66861.5,0.081],[66860.5,0.081],[66860.01,0.20479],[66860,0.081],[66859,0.081],[66858.12,0.00009],[66857.51,0.53905],[66856.55,0.00012],[66854.74,0.22368],[66854.73,0.54705],[66854.18,0.04031],[66853.32,0.56586],[66853.08,0.00009],[66852.68,0.06],[66852.34,0.98515],[66852.33,0.02896]],"asks":[[66864.07,0.09462],[66865.68,0.00009],[66865.84,0.00008],[66865.85,0.02321],[66865.87,0.00008],[66865.88,0.04],[66866.3,0.00008],[66866.31,0.07387],[66866.98,0.02],[66868.2,0.00009],[66869.57,0.02],[66869.58,0.01121],[66869.74,0.00152],[66869.92,0.00012],[66870.72,0.00009],[66870.95,0.01121],[66872.77,0.03491],[66872.78,0.09662],[66872.84,0.00023],[66873.12,0.02]]}
{"type":"tick","time":1775237226006,"price":66864.07,"bids":[[66864.06,0.61425],[66864.05,0.00715],[66863.84,0.04081],[66863,0.081],[66862.12,0.04836],[66861.5,0.081],[66860.5,0.081],[66860.09,0.06],[66860.01,0.20479],[66860,0.081],[66859,0.081],[66858.12,0.00009],[66857.51,0.53905],[66856.55,0.00012],[66855.6,0.00009],[66855.42,0.01826],[66854.74,0.16329],[66854.73,0.54705],[66853.34,0.58502],[66853.33,0.98515]],"asks":[[66864.07,0.09454],[66865.68,0.00009],[66865.84,0.00008],[66865.85,0.02321],[66866.3,0.00008],[66866.31,0.07387],[66868.2,0.00009],[66869.07,0.01768],[66869.57,0.02],[66869.58,0.01121],[66869.74,0.00152],[66869.92,0.00012],[66870.72,0.00009],[66870.95,0.01121],[66870.97,0.02391],[66870.98,0.06],[66873.12,0.02],[66873.24,0.00009],[66873.89,0.0486],[66874.59,0.081]]}
{"type":"tick","time":1775237227400,"price":66870.71,"bids":[[66870.71,0.7651],[66870.7,0.00716],[66869.07,0.00008],[66869.06,0.03869],[66868.81,0.00008],[66868.8,0.1296],[66865.69,0.16361],[66865.68,0.00198],[66864.07,0.53905],[66863.84,0.04081],[66863.23,0.00012],[66863.16,0.00009],[66860.09,0.06],[66860.01,0.45334],[66858.98,0.081],[66858.69,0.98515],[66858.12,0.00009],[66857.78,0.00116],[66857.51,0.53905],[66856.55,0.00012]],"asks":[[66870.72,0.22484],[66873.17,0.00008],[66873.18,0.06],[66873.24,0.00009],[66875.76,0.00009],[66875.87,0.01122],[66876.59,0.02],[66876.6,0.00012],[66876.83,0.02],[66878.28,0.00009],[66879.41,0.22586],[66879.42,0.10573],[66879.45,0.53905],[66879.53,0.01121],[66880.8,0.00009],[66882.96,0.03976],[66882.97,0.05199],[66883.28,0.00012],[66883.29,0.081],[66883.32,0.00009]]}
{"type":"tick","time":1775237235639,"price":66870.72,"bids":[[66870.71,0.5724],[66870.7,0.00694],[66865.7,0.08179],[66865.69,0.44683],[66865.68,0.00198],[66864.08,0.98515],[66864.07,0.53905],[66863.84,0.04081],[66863.23,0.00012],[66863.16,0.00009],[66860.64,0.00009],[66860.09,0.06],[66860.01,0.45334],[66858.98,0.081],[66858.69,0.98515],[66858.43,0.01801],[66858.12,0.00009],[66857.78,0.00116],[66857.51,0.53905],[66856.55,0.00012]],"asks":[[66870.72,0.00032],[66871.87,0.00008],[66873.24,0.00009],[66874.45,0.02321],[66875.44,0.01773],[66875.45,0.00008],[66875.46,0.04],[66875.76,0.00009],[66875.87,0.01122],[66875.97,0.00008],[66875.98,0.06],[66876.59,0.02],[66876.6,0.00012],[66878.28,0.00009],[66878.85,0.02271],[66878.86,0.02],[66879.53,0.01121],[66880.8,0.00009],[66881.15,0.04488],[66882.95,0.0851]]}
{"type":"tick","time":1775237236757,"price":66874.45,"bids":[[66874.44,0.56183],[66868.2,0.00009],[66867.76,0.02418],[66867.75,0.081],[66865.69,0.16361],[66865.68,0.00198],[66864.07,0.53905],[66863.84,0.04081],[66863.23,0.00012],[66863.16,0.00009],[66860.64,0.00009],[66860.09,0.06],[66860.01,0.45334],[66858.98,0.081],[66858.69,0.98515],[66858.43,0.01801],[66858.12,0.00009],[66857.78,0.00116],[66857.51,0.53905],[66856.55,0.00012]],"asks":[[66874.45,0.38726],[66875.43,0.00008],[66875.44,0.01773],[66875.45,0.03337],[66875.46,0.04],[66875.76,0.00009],[66875.87,0.01122],[66875.97,0.00008],[66875.98,0.06],[66876.6,0.00012],[66878.28,0.00009],[66878.86,0.02],[66879.53,0.01121],[66880.8,0.00009],[66881.42,0.02],[66881.43,0.04488],[66882.91,0.03975],[66883.26,0.05149],[66883.28,0.00012],[66883.29,0.081]]}
{"type":"tick","time":1775237237675,"price":66874.44,"bids":[[66874.44,0.56168],[66874.43,0.00695],[66868.2,0.00009],[66867.76,0.02418],[66867.75,0.081],[66865.69,0.16361],[66865.68,0.00198],[66864.07,0.53905],[66863.84,0.04081],[66863.23,0.00012],[66863.16,0.00009],[66861.09,0.00128],[66860.64,0.00009],[66860.09,0.06],[66860.01,0.45334],[66858.98,0.081],[66858.69,0.98515],[66858.43,0.01801],[66858.12,0.00009],[66857.51,0.53905]],"asks":[[66874.45,0.38726],[66875.43,0.00008],[66875.44,0.01773],[66875.45,0.03337],[66875.46,0.04],[66875.76,0.00009],[66875.87,0.01122],[66875.97,0.00008],[66875.98,0.06],[66876.6,0.00012],[66878.28,0.00009],[66878.86,0.02],[66879.53,0.01121],[66880.8,0.00009],[66881.42,0.02],[66881.56,0.04488],[66882.91,0.03975],[66883.26,0.05149],[66883.28,0.00012],[66883.29,0.081]]}
{"type":"tick","time":1775237242109,"price":66874.44,"bids":[[66874.44,0.00174],[66874.43,0.00695],[66872.82,0.00008],[66871.66,0.00008],[66868.33,0.02321],[66868.2,0.00009],[66867.77,0.00008],[66867.76,0.00008],[66867.75,0.081],[66865.7,0.00008],[66865.69,0.01815],[66865.68,0.00207],[66865.44,0.01793],[66863.84,0.04081],[66863.23,0.00012],[66863.16,0.00009],[66861.17,0.00121],[66860.64,0.00009],[66860.1,0.98515],[66860.09,0.06]],"asks":[[66874.45,0.45729],[66874.5,0.081],[66874.99,0.069],[66875,0.081],[66875.44,0.01773],[66875.46,0.04],[66875.5,0.081],[66875.76,0.00009],[66875.87,0.01122],[66876.6,0.00012],[66878.28,0.08089],[66878.86,0.02],[66879.53,0.01121],[66880.8,0.00009],[66881.38,0.08959],[66881.39,0.25558],[66881.4,0.53905],[66881.42,0.02],[66882,0.04488],[66883.28,0.00012]]}
{"type":"tick","time":1775237247971,"price":66868.21,"bids":[[66868.2,0.35793],[66868.19,0.0057],[66865.68,0.00009],[66863.84,0.04081],[66863.23,0.00012],[66863.16,0.00009],[66863.06,0.01803],[66860.74,0.0839],[66860.73,0.29144],[66860.64,0.00009],[66860.13,0.98515],[66860.12,0.17633],[66860.09,0.06],[66858.98,0.081],[66858.7,0.53905],[66858.58,0.00094],[66858.12,0.00009],[66856.55,0.00012],[66855.6,0.00009],[66854.76,0.30243]],"asks":[[66868.21,0.36465],[66870.48,0.00008],[66870.49,0.08456],[66870.5,0.081],[66871.65,0.04],[66872,0.081],[66873,0.081],[66874.44,0.05324],[66874.45,0.1492],[66874.9,0.081],[66875.44,0.01773],[66875.76,0.00009],[66875.87,0.01122],[66876.6,0.00012],[66878.26,0.19437],[66878.27,0.53905],[66878.28,0.00009],[66878.86,0.02],[66879.53,0.01121],[66880.8,0.00009]]}
{"type":"tick","time":1775237248921,"price":66868.21,"bids":[[66868.2,0.36222],[66868.19,0.0057],[66865.68,0.00009],[66863.84,0.04081],[66863.23,0.00012],[66863.16,0.00009],[66863.06,0.01803],[66860.74,0.0839],[66860.73,0.29144],[66860.64,0.00009],[66860.13,0.98515],[66860.12,0.17633],[66860.09,0.06],[66858.98,0.081],[66858.7,0.53905],[66858.58,0.00094],[66858.12,0.00009],[66856.55,0.00012],[66855.6,0.00009],[66854.76,0.30243]],"asks":[[66868.21,0.33971],[66870.48,0.00008],[66870.49,0.08456],[66870.5,0.081],[66871.65,0.04],[66872,0.081],[66873,0.081],[66874.44,0.05324],[66874.45,0.1492],[66874.9,0.081],[66875.44,0.01773],[66875.76,0.00009],[66875.87,0.01122],[66876.6,0.00012],[66878.26,0.19437],[66878.27,0.53905],[66878.28,0.00009],[66878.86,0.02],[66879.53,0.01121],[66880.8,0.00009]]}
{"type":"tick","time":1775237264253,"price":66868.21,"bids":[[66868.2,0.31534],[66868.19,0.0057],[66865.68,0.00009],[66863.84,0.04081],[66863.23,0.00012],[66863.16,0.00009],[66863.06,0.01803],[66860.74,0.0839],[66860.73,0.29144],[66860.64,0.00009],[66860.13,0.98515],[66860.12,0.17633],[66860.09,0.06],[66858.98,0.081],[66858.7,0.53905],[66858.58,0.00094],[66858.12,0.00009],[66856.55,0.00012],[66855.6,0.00009],[66854.76,0.30243]],"asks":[[66868.21,0.34634],[66870.48,0.00008],[66870.49,0.08456],[66870.5,0.081],[66871.65,0.04],[66872,0.081],[66873,0.081],[66874.44,0.05324],[66874.45,0.1492],[66874.9,0.081],[66875.44,0.01773],[66875.76,0.00009],[66875.87,0.01122],[66876.6,0.00012],[66878.26,0.19437],[66878.27,0.53905],[66878.28,0.00009],[66878.85,0.04488],[66878.86,0.02],[66879.53,0.01121]]}
{"type":"tick","time":1775237267740,"price":66868.21,"bids":[[66868.2,0.45213],[66868.19,0.00612],[66867.01,0.02669],[66867,0.081],[66865.68,0.00009],[66863.84,0.04081],[66863.23,0.00012],[66863.16,0.00009],[66863.06,0.01803],[66861.68,0.54249],[66861.67,0.53905],[66860.64,0.00009],[66860.13,0.98515],[66860.12,0.17633],[66860.09,0.06],[66858.98,0.081],[66858.7,0.53905],[66858.58,0.00094],[66858.12,0.00009],[66856.55,0.00012]],"asks":[[66868.21,0.00448],[66870.49,0.00008],[66870.5,0.081],[66871.64,0.00008],[66871.65,0.04],[66871.99,0.00008],[66872,0.081],[66873,0.081],[66874.45,0.1492],[66874.9,0.081],[66875.44,0.01773],[66875.76,0.00009],[66875.87,0.01122],[66876.6,0.00012],[66878.26,0.01759],[66878.28,0.00009],[66878.86,0.02],[66878.88,0.02762],[66879.53,0.01121],[66880.8,0.00009]]}
{"type":"tick","time":1775237268847,"price":66870.5,"bids":[[66870.49,0.81027],[66870.48,0.1938],[66868.22,0.09591],[66868.21,0.1376],[66868.2,0.12969],[66867,0.081],[66865.68,0.00009],[66863.84,0.04081],[66863.23,0.00012],[66863.16,0.00009],[66863.06,0.01803],[66861.68,0.455],[66861.67,0.53905],[66860.64,0.00009],[66860.13,0.98515],[66860.12,0.17633],[66860.09,0.06],[66858.98,0.081],[66858.7,0.53905],[66858.58,0.00094]],"asks":[[66870.5,0.1047],[66871.64,0.00008],[66871.65,0.04],[66871.99,0.00008],[66872,0.081],[66872.99,0.00008],[66873,0.081],[66874.45,0.1492],[66874.9,0.081],[66875.44,0.01773],[66875.76,0.00009],[66875.87,0.01122],[66876.6,0.00012],[66878.28,0.00009],[66878.86,0.02],[66879.19,0.04488],[66879.53,0.01121],[66880.8,0.00009],[66881.39,0.0457],[66881.42,0.02]]}
{"type":"tick","time":1775237272722,"price":66874.45,"bids":[[66874.44,0.80117],[66874.43,0.01164],[66872.99,0.19067],[66871.99,0.53905],[66870.5,0.081],[66870.01,0.07446],[66870,0.081],[66869,0.081],[66868.93,0.06],[66868.21,0.008],[66868.2,0.00009],[66867.75,0.081],[66867.08,0.0186],[66866.32,0.16093],[66866.31,0.53905],[66865.68,0.00009],[66863.23,0.00012],[66863.16,0.00009],[66863.06,0.01803],[66862.01,0.02]],"asks":[[66874.45,0.0896],[66874.77,0.00008],[66874.78,0.02322],[66875.33,0.00008],[66875.34,0.04],[66875.48,0.00008],[66875.49,0.01912],[66875.76,0.00009],[66875.85,0.02],[66876.6,0.00012],[66878.28,0.00009],[66879.53,0.01121],[66880.8,0.00009],[66881.33,0.03953],[66881.42,0.02],[66881.76,0.02],[66881.81,0.01122],[66883.28,0.00012],[66883.29,0.081],[66883.32,0.00009]]}
{"type":"tick","time":1775237273539,"price":66874.45,"bids":[[66874.44,0.80117],[66874.43,0.01164],[66873,0.081],[66872.99,0.19067],[66871.99,0.53905],[66870.5,0.081],[66870.01,0.07446],[66870,0.081],[66869,0.081],[66868.93,0.06],[66868.21,0.008],[66868.2,0.00009],[66867.75,0.081],[66867.08,0.0186],[66866.32,0.43443],[66866.31,0.53905],[66865.68,0.00009],[66865.55,0.00094],[66865.51,0.98515],[66863.23,0.00012]],"asks":[[66874.45,0.00008],[66875.76,0.00009],[66877.21,0.02322],[66878.07,0.01857],[66878.28,0.00009],[66879.52,0.00008],[66879.53,0.01121],[66880.8,0.00009],[66881.41,0.00008],[66881.42,0.02],[66881.75,0.00008],[66881.76,0.02],[66881.81,0.01122],[66883.28,0.00012],[66883.29,0.081],[66883.32,0.00009],[66884.86,0.06108],[66884.87,0.09966],[66885.15,0.06],[66885.19,0.04488]]}
{"type":"tick","time":1775237274288,"price":66878.07,"bids":[[66878.06,0.97187],[66877.22,0.11333],[66877.21,0.1296],[66877.2,0.02322],[66874.78,0.008],[66874.5,0.081],[66874.45,0.1296],[66874.44,0.04148],[66873,0.081],[66872.99,0.19067],[66871.99,0.53905],[66870.72,0.00009],[66869.91,0.00012],[66868.94,0.05006],[66868.93,0.06],[66868.21,0.008],[66868.2,0.00009],[66867.75,0.081],[66867.08,0.0186],[66866.32,0.43443]],"asks":[[66878.07,0.01889],[66878.28,0.00009],[66878.57,0.00008],[66878.58,0.02322],[66880.8,0.00009],[66881.75,0.00008],[66881.76,0.02],[66881.8,0.00008],[66881.81,0.01122],[66883.28,0.00012],[66883.32,0.00009],[66883.54,0.00008],[66883.55,0.03305],[66884.74,0.00008],[66884.75,0.05554],[66884.76,0.081],[66885.15,0.06],[66885.19,0.04488],[66885.84,0.00009],[66888.3,0.04238]]}
{"type":"tick","time":1775237275209,"price":66879.56,"bids":[[66879.56,1.1251],[66878.08,0.118],[66878.06,0.1296],[66878.05,0.01165],[66877,0.081],[66874.78,0.008],[66874.51,0.07525],[66874.5,0.081],[66874.45,0.1296],[66874.44,0.04148],[66872.99,0.19067],[66871.99,0.53905],[66870.72,0.00009],[66869.91,0.00012],[66868.94,0.05006],[66868.93,0.06],[66868.21,0.008],[66868.2,0.00009],[66867.75,0.081],[66867.08,0.0186]],"asks":[[66879.57,0.07172],[66880.56,0.00008],[66880.57,0.02322],[66880.8,0.00009],[66881.8,0.00008],[66881.81,0.01122],[66883.28,0.00012],[66883.32,0.00009],[66884.05,0.00008],[66884.06,0.02],[66884.74,0.00008],[66884.75,0.05562],[66884.76,0.081],[66885.15,0.06],[66885.19,0.04488],[66885.84,0.00009],[66886.03,0.0112],[66888.36,0.00009],[66889.96,0.00012],[66890.24,0.29301]]}
{"type":"tick","time":1775237275739,"price":66879.57,"bids":[[66879.56,0.97324],[66878.08,0.06634],[66878.06,0.1296],[66877,0.081],[66874.78,0.008],[66874.51,0.07525],[66874.5,0.081],[66874.45,0.1296],[66874.44,0.04148],[66873.24,0.00009],[66872.99,0.19067],[66871.99,0.53905],[66870.72,0.00009],[66869.91,0.00012],[66869.24,0.02],[66868.94,0.05006],[66868.93,0.06],[66868.21,0.008],[66868.2,0.00009],[66867.75,0.081]],"asks":[[66879.57,0.00056],[66880.56,0.00008],[66880.57,0.02322],[66880.8,0.00009],[66881.8,0.00008],[66881.81,0.01122],[66883.28,0.00012],[66883.32,0.00009],[66884.74,0.00008],[66884.75,0.05562],[66884.76,0.081],[66885.15,0.06],[66885.19,0.04488],[66885.84,0.00009],[66886.03,0.0112],[66888.36,0.00009],[66888.47,0.02],[66889.96,0.00012],[66890.24,0.29301],[66890.26,0.02]]}
{"type":"tick","time":1775237278946,"price":66880.57,"bids":[[66880.56,0.98779],[66880.55,0.17856],[66879.58,0.09218],[66879.57,0.1296],[66879.56,0.07499],[66877,0.081],[66874.78,0.008],[66874.46,0.05107],[66874.45,0.1296],[66874.44,0.04148],[66873.24,0.00009],[66872.99,0.43062],[66872.48,0.01881],[66872,0.98515],[66871.99,0.53905],[66870.72,0.00009],[66869.91,0.00012],[66869.24,0.02],[66868.94,0.05006],[66868.93,0.06]],"asks":[[66880.57,0.11076],[66880.8,0.00009],[66883.28,0.00012],[66883.32,0.00009],[66884.74,0.00008],[66884.75,0.0213],[66885.14,0.00008],[66885.15,0.06],[66885.84,0.00009],[66886.03,0.0112],[66886.84,0.04404],[66886.85,0.04487],[66887.26,0.081],[66887.63,0.01122],[66888.36,0.00009],[66888.47,0.02],[66889.96,0.00012],[66890.21,0.08672],[66890.22,0.1761],[66890.23,0.53905]]}
{"type":"tick","time":1775237280253,"price":66880.57,"bids":[[66880.56,0.98779],[66880.55,0.17856],[66879.58,0.09218],[66879.57,0.1296],[66879.56,0.07499],[66877,0.081],[66876.33,0.06],[66874.78,0.008],[66874.46,0.05107],[66874.45,0.1296],[66874.44,0.04148],[66873.24,0.00009],[66872.99,0.43062],[66872.48,0.01881],[66872,0.98515],[66871.99,0.53905],[66870.72,0.00009],[66869.91,0.00012],[66869.24,0.02],[66868.22,0.0208]],"asks":[[66880.57,0.04182],[66880.8,0.00009],[66883.28,0.00012],[66883.32,0.00009],[66884.74,0.00008],[66884.75,0.0213],[66885.14,0.00008],[66885.15,0.06],[66885.84,0.00009],[66886.03,0.0112],[66886.83,0.00008],[66886.84,0.04404],[66886.92,0.04182],[66887.25,0.02],[66887.26,0.081],[66887.63,0.01122],[66888.36,0.00009],[66888.47,0.02],[66889.96,0.00012],[66890.21,0.08672]]}
{"type":"tick","time":1775237281640,"price":66880.56,"bids":[[66880.56,0.1029],[66879.57,0.00008],[66879.56,0.07499],[66878.63,0.00008],[66878.62,0.0299],[66877.9,0.02322],[66877.01,0.00008],[66877,0.081],[66874.46,0.05107],[66874.45,0.1296],[66874.44,0.04148],[66873.24,0.00009],[66872.99,0.19067],[66871.99,0.53905],[66871.93,0.02],[66871.83,0.04],[66870.72,0.00009],[66869.91,0.00012],[66868.22,0.0208],[66868.21,0.008]],"asks":[[66880.57,0.48403],[66880.8,0.00009],[66883.28,0.00012],[66883.32,0.00009],[66884.73,0.18481],[66885.84,0.00009],[66886.03,0.0112],[66886.81,0.10445],[66886.82,0.53905],[66886.84,0.04404],[66886.92,0.04182],[66887.26,0.081],[66887.63,0.01122],[66888.36,0.00009],[66888.47,0.02],[66889.96,0.00012],[66890.2,0.15764],[66890.88,0.00009],[66891.8,0.53905],[66893.4,0.00009]]}
{"type":"tick","time":1775237284317,"price":66879.56,"bids":[[66879.56,0.07967],[66879.55,0.00967],[66878.9,0.00008],[66878.89,0.02322],[66877.92,0.00008],[66877.91,0.02548],[66877.01,0.00008],[66877,0.081],[66874.46,0.05107],[66874.45,0.1296],[66874.44,0.04148],[66873.24,0.00009],[66872.99,0.19067],[66872.32,0.01887],[66871.99,0.53905],[66871.93,0.02],[66871.83,0.04],[66870.72,0.00009],[66869.94,0.00088],[66869.91,0.00012]],"asks":[[66879.57,1.13896],[66880.57,0.01836],[66880.8,0.00009],[66883.28,0.00012],[66883.32,0.00009],[66884.73,0.18481],[66885.84,0.00009],[66886.03,0.0112],[66886.82,0.53905],[66886.84,0.04404],[66886.92,0.04182],[66887.26,0.081],[66887.63,0.01122],[66888.36,0.00009],[66888.47,0.02],[66889.96,0.00012],[66890.19,0.02],[66890.2,0.15764],[66890.88,0.00009],[66891.79,0.05981]]}
{"type":"tick","time":1775237285880,"price":66879.57,"bids":[[66879.56,0.04965],[66878.9,0.00008],[66878.89,0.02322],[66877.01,0.00008],[66877,0.081],[66874.47,0.00008],[66874.46,0.05115],[66874.45,0.1296],[66874.44,0.04148],[66873.24,0.00009],[66873.01,0.17254],[66873,0.53905],[66872.32,0.01887],[66871.93,0.02],[66870.72,0.00009],[66869.94,0.00082],[66869.91,0.00012],[66869.89,0.20499],[66869.88,0.53905],[66869.43,0.04]],"asks":[[66879.57,1.13896],[66880.57,0.01836],[66880.8,0.00009],[66883.28,0.00012],[66883.32,0.00009],[66885.84,0.00009],[66886.03,0.0112],[66886.84,0.04404],[66886.92,0.04182],[66887.26,0.081],[66887.63,0.01122],[66888.36,0.00009],[66888.47,0.02],[66889.96,0.00012],[66890.19,0.02],[66890.2,0.15764],[66890.88,0.00009],[66891.79,0.05981],[66891.8,0.53905],[66893.4,0.00009]]}
{"type":"tick","time":1775237287301,"price":66879.57,"bids":[[66879.56,0.04973],[66879.55,0.00483],[66878.9,0.00008],[66878.89,0.02322],[66877.01,0.00008],[66877,0.081],[66874.47,0.00008],[66874.46,0.05115],[66874.45,0.1296],[66874.44,0.04148],[66873.24,0.00009],[66873.01,0.14706],[66873,0.53905],[66872.32,0.01887],[66871.93,0.02],[66870.72,0.00009],[66869.94,0.00082],[66869.91,0.00012],[66869.89,0.20499],[66869.88,0.53905]],"asks":[[66879.57,1.13806],[66880.57,0.01836],[66880.8,0.00009],[66883.28,0.00012],[66883.32,0.00009],[66885.84,0.00009],[66886.03,0.0112],[66886.84,0.04404],[66886.92,0.04182],[66887.26,0.081],[66887.63,0.01122],[66888.36,0.00009],[66888.47,0.02],[66888.7,0.04],[66889.96,0.00012],[66890.2,0.15764],[66890.88,0.00009],[66891.78,0.02],[66891.79,0.05981],[66891.8,0.53905]]}
{"type":"tick","time":1775237288340,"price":66879.56,"bids":[[66879.56,0.00204],[66879.55,0.00483],[66878.9,0.00008],[66878.89,0.02322],[66878.04,0.0299],[66877.01,0.00008],[66877,0.081],[66874.47,0.00008],[66874.46,0.00008],[66874.45,0.1296],[66874.44,0.04148],[66873.24,0.00009],[66873.02,0.53905],[66872.32,0.01887],[66870.72,0.00009],[66869.94,0.00082],[66869.91,0.00012],[66869.89,0.20499],[66869.88,0.53905],[66869.43,0.02]],"asks":[[66879.57,1.13046],[66880.57,0.01836],[66880.8,0.00009],[66881,0.081],[66883.28,0.00012],[66883.32,0.00009],[66885.84,0.00009],[66886.03,0.0112],[66886.84,0.04404],[66886.92,0.04182],[66887.26,0.081],[66887.63,0.01122],[66888.36,0.00009],[66888.47,0.02],[66888.7,0.04],[66889.96,0.00012],[66890.2,0.15764],[66890.88,0.00009],[66891.78,0.02],[66891.79,0.05981]]}
{"type":"tick","time":1775237293944,"price":66878.89,"bids":[[66878.89,0.0004],[66878.88,0.00391],[66877.93,0.00008],[66877.01,0.00008],[66877,0.02322],[66874.47,0.00008],[66874.46,0.0475],[66874.44,0.04148],[66873.24,0.00009],[66873.05,0.16093],[66871.37,0.01917],[66870.72,0.00009],[66869.91,0.00012],[66869.89,0.20499],[66869.52,0.00066],[66868.2,0.00009],[66867.75,0.081],[66867.63,0.02],[66867.08,0.0186],[66867.03,0.04]],"asks":[[66878.9,1.29284],[66879.54,0.04],[66879.55,0.07548],[66879.56,0.1625],[66879.57,0.11586],[66880.57,0.01836],[66880.8,0.00009],[66881,0.081],[66883.28,0.00012],[66883.32,0.00009],[66885.84,0.00009],[66886.84,0.04404],[66886.92,0.04182],[66887.26,0.081],[66887.63,0.01122],[66888.36,0.00009],[66888.47,0.02],[66889.96,0.00012],[66890.2,0.15764],[66890.88,0.00009]]}
{"type":"tick","time":1775237294754,"price":66875.87,"bids":[[66875.87,0.04788],[66875.23,0.02322],[66874.46,0.00008],[66874.45,0.01942],[66874.44,0.04148],[66874.11,0.00008],[66873.24,0.00009],[66871.37,0.01917],[66870.72,0.00009],[66869.92,0.00008],[66869.91,0.21846],[66869.9,0.53905],[66869.18,0.0006],[66868.2,0.00009],[66867.75,0.081],[66867.08,0.0186],[66866.4,0.17329],[66866.39,0.53905],[66865.91,0.05269],[66865.88,0.02]],"asks":[[66875.88,1.4554],[66876.99,0.18835],[66877,0.081],[66877.01,0.09037],[66878,0.081],[66878.5,0.081],[66878.9,0.09948],[66879.54,0.04],[66879.57,0.09264],[66880.57,0.01836],[66880.8,0.00009],[66880.99,0.02424],[66881,0.081],[66883.27,0.02],[66883.28,0.00012],[66883.32,0.00009],[66885.84,0.00009],[66886.84,0.04404],[66886.92,0.04182],[66887.26,0.081]]}
{"type":"tick","time":1775237295711,"price":66874.45,"bids":[[66874.44,0.1663],[66874.43,0.00158],[66874.09,0.00008],[66874.08,0.02322],[66873.24,0.00009],[66872.73,0.02991],[66872.38,0.00008],[66870.72,0.00009],[66869.71,0.00008],[66869.7,0.01868],[66868.52,0.04203],[66868.51,0.04096],[66868.2,0.00009],[66867.75,0.081],[66867.08,0.0186],[66866.24,0.00054],[66865.68,0.00009],[66865.24,0.26459],[66865.23,0.06],[66864.63,0.53905]],"asks":[[66874.45,1.59556],[66875.88,0.04867],[66877,0.22562],[66877.01,0.09037],[66878,0.081],[66878.5,0.081],[66878.9,0.09948],[66879.54,0.04],[66879.57,0.09264],[66880.56,0.01751],[66880.57,0.01836],[66880.63,0.02],[66880.8,0.00009],[66883.27,0.02],[66883.28,0.00012],[66883.32,0.00009],[66885.84,0.00009],[66886.82,0.01786],[66886.83,0.05982],[66886.84,0.21767]]}
{"type":"tick","time":1775237297392,"price":66874.44,"bids":[[66874.44,0.0553],[66873.24,0.00009],[66871.46,0.00008],[66871.45,0.02991],[66871.08,0.00008],[66871.07,0.02322],[66870.72,0.00009],[66869.71,0.00008],[66869.7,0.01868],[66868.53,0.00008],[66868.52,0.03938],[66868.51,0.04096],[66868.2,0.00009],[66867.75,0.081],[66867.08,0.0186],[66865.68,0.00009],[66865.24,0.17882],[66865.23,0.06],[66864.63,0.53905],[66864.24,0.00051]],"asks":[[66874.45,1.24304],[66875.88,0.04867],[66877,0.22562],[66877.01,0.09037],[66878,0.081],[66878.5,0.081],[66878.9,0.09948],[66879.54,0.04],[66879.57,0.09264],[66880.56,0.01751],[66880.57,0.01836],[66880.63,0.02],[66880.8,0.00009],[66883.27,0.02],[66883.28,0.00012],[66883.32,0.00009],[66885.84,0.00009],[66886.3,0.17876],[66886.31,0.53905],[66886.83,0.05982]]}
{"type":"tick","time":1775237298255,"price":66868.52,"bids":[[66868.51,0.08199],[66868.5,0.00113],[66868.2,0.00009],[66867.18,0.00008],[66867.17,0.04073],[66866.61,0.00008],[66866.6,0.02322],[66865.68,0.00009],[66863.23,0.00012],[66863.16,0.00009],[66862.35,0.00008],[66862.34,0.15131],[66862.33,0.53905],[66861.94,0.0132],[66861.23,0.00041],[66860.64,0.00009],[66860.22,0.02],[66859.06,0.04626],[66858.98,0.081],[66858.12,0.00009]],"asks":[[66868.52,1.06271],[66871.45,0.0254],[66872.5,0.0851],[66874.45,0.02834],[66875.87,0.0201],[66875.88,0.04867],[66876.1,0.01865],[66876.6,0.00012],[66877,0.09629],[66877.01,0.09037],[66878.28,0.00009],[66878.9,0.09948],[66879.56,0.05982],[66879.57,0.09264],[66880.56,0.01751],[66880.57,0.01836],[66880.63,0.02],[66880.8,0.00009],[66883.27,0.02],[66883.28,0.00012]]}
{"type":"tick","time":1775237299180,"price":66868.51,"bids":[[66868.51,0.21138],[66868.5,0.00068],[66868.2,0.00009],[66867.18,0.00008],[66867.17,0.04073],[66866.61,0.00008],[66866.6,0.02322],[66865.68,0.00009],[66863.23,0.00012],[66863.16,0.00009],[66862.34,0.15123],[66862.33,0.53905],[66861.94,0.0132],[66861.23,0.00041],[66860.64,0.00009],[66860.22,0.02],[66859.09,0.53905],[66859.08,0.35918],[66859.07,0.98515],[66858.98,0.081]],"asks":[[66868.52,1.06261],[66871.45,0.0254],[66872.5,0.0851],[66874.45,0.02834],[66875.87,0.0201],[66875.88,0.04867],[66876.1,0.01865],[66876.6,0.00012],[66877,0.09629],[66877.01,0.09037],[66878.28,0.00009],[66878.9,0.09948],[66879.57,0.09264],[66880.56,0.03313],[66880.57,0.01836],[66880.63,0.02],[66880.8,0.00009],[66883.26,0.05982],[66883.27,0.02],[66883.28,0.00012]]}
{"type":"tick","time":1775237301008,"price":66862.76,"bids":[[66862.75,0.28163],[66862.74,0.00044],[66860.64,0.00009],[66858.12,0.00009],[66857.97,0.01861],[66857.42,0.02],[66856.55,0.00012],[66855.6,0.00009],[66853.96,0.11977],[66853.95,0.08607],[66853.94,0.12035],[66853.76,0.00033],[66853.39,0.77874],[66853.38,0.53905],[66853.37,0.98515],[66853.08,0.00009],[66851.91,0.0132],[66851.8,0.081],[66851.22,0.04],[66851.13,0.41121]],"asks":[[66862.76,0.52137],[66867.18,0.30746],[66867.19,0.64],[66868,0.0851],[66868.52,0.04],[66869.45,0.081],[66869.92,0.00012],[66871.62,0.02],[66873.84,0.01121],[66874.42,0.03683],[66874.43,0.02],[66874.45,0.02834],[66874.57,0.01121],[66874.65,0.01495],[66875.76,0.00009],[66875.88,0.04867],[66876.6,0.00012],[66877,0.25081],[66877.01,0.09037],[66877.56,0.05232]]}
{"type":"tick","time":1775237301746,"price":66862.76,"bids":[[66862.75,0.28163],[66862.74,0.00044],[66860.64,0.00009],[66858.12,0.00009],[66857.97,0.01861],[66857.42,0.02],[66856.55,0.00012],[66855.6,0.00009],[66854.12,0.11518],[66854.11,0.0693],[66854.1,0.11576],[66853.76,0.00033],[66853.39,0.77874],[66853.38,0.53905],[66853.37,0.98515],[66853.08,0.00009],[66851.91,0.0132],[66851.8,0.081],[66851.22,0.04],[66851.13,0.41121]],"asks":[[66862.76,0.36436],[66867.18,0.30746],[66867.19,0.64],[66867.92,0.01866],[66868,0.0851],[66868.2,0.00009],[66868.52,0.04],[66869.45,0.081],[66869.92,0.00012],[66871.62,0.02],[66873.84,0.01121],[66874.42,0.03683],[66874.43,0.02],[66874.45,0.02834],[66874.57,0.01121],[66874.65,0.01495],[66875.76,0.00009],[66875.88,0.04867],[66876.6,0.00012],[66877,0.25081]]}
{"type":"tick","time":1775237302664,"price":66859.29,"bids":[[66859.29,0.04112],[66859.23,0.02991],[66858.48,0.00008],[66858.12,0.00009],[66856.55,0.00012],[66855.6,0.00009],[66854.09,0.00008],[66854.08,0.0189],[66853.4,0.00008],[66853.39,0.48467],[66853.38,0.53905],[66853.08,0.00009],[66852.11,0.00028],[66851.91,0.0132],[66851.8,0.081],[66851.22,0.04],[66851.13,0.41121],[66850.72,0.02],[66850.56,0.00009],[66850.36,0.53905]],"asks":[[66859.3,0.99982],[66862.71,0.02901],[66862.74,0.00801],[66862.76,0.00259],[66863,0.0851],[66863.99,0.0254],[66864,0.0851],[66864.5,0.01848],[66867.92,0.01866],[66868.2,0.00009],[66869.45,0.081],[66869.92,0.00012],[66871.62,0.02],[66873.05,0.53905],[66873.84,0.01121],[66874.42,0.03683],[66874.43,0.02],[66874.45,0.02834],[66874.56,0.05982],[66874.57,0.01121]]}
{"type":"tick","time":1775237303888,"price":66859.3,"bids":[[66859.29,0.2517],[66859.28,0.00035],[66859.24,0.00008],[66859.23,0.02991],[66858.12,0.00009],[66856.55,0.00012],[66855.6,0.00009],[66854.1,0.00008],[66854.09,0.01628],[66854.08,0.01898],[66853.39,0.48467],[66853.38,0.53905],[66853.08,0.00009],[66851.91,0.0132],[66851.8,0.081],[66851.41,0.00026],[66851.22,0.04],[66851.13,0.41121],[66850.72,0.02],[66850.56,0.00009]],"asks":[[66859.3,1.00051],[66862.71,0.02901],[66863,0.0851],[66863.99,0.0254],[66864,0.0851],[66864.5,0.01848],[66867.92,0.01866],[66868.2,0.00009],[66869.44,0.02421],[66869.45,0.081],[66869.92,0.00012],[66870.72,0.00009],[66871.62,0.02],[66873.04,0.16091],[66873.05,0.53905],[66873.84,0.01121],[66874.42,0.21088],[66874.43,0.02],[66874.45,0.02834],[66874.56,0.05982]]}
{"type":"tick","time":1775237304886,"price":66859.29,"bids":[[66859.29,0.35126],[66859.28,0.00032],[66859.24,0.00008],[66859.23,0.02991],[66858.12,0.00009],[66856.55,0.00012],[66855.6,0.00009],[66854.08,0.0189],[66853.39,0.48467],[66853.38,0.53905],[66853.08,0.00009],[66851.8,0.081],[66851.41,0.00026],[66851.22,0.04],[66851.13,0.41121],[66850.72,0.02],[66850.56,0.00009],[66850.36,0.53905],[66850.01,0.04],[66850,0.00022]],"asks":[[66859.3,0.50613],[66862.71,0.02901],[66863,0.0851],[66863.99,0.04107],[66864,0.0851],[66864.5,0.01848],[66866.51,0.04489],[66867.92,0.01866],[66868.2,0.00009],[66869.44,0.02421],[66869.45,0.081],[66869.92,0.00012],[66870.72,0.00009],[66871.62,0.02],[66873.03,0.08962],[66873.04,0.16091],[66873.05,0.53905],[66873.83,0.05983],[66873.84,0.01121],[66874.42,0.21088]]}
{"type":"tick","time":1775237310309,"price":66859.3,"bids":[[66859.29,0.22156],[66859.28,0.00032],[66859.24,0.00008],[66859.23,0.02991],[66858.47,0.0026],[66858.12,0.00009],[66856.55,0.00012],[66855.6,0.00009],[66854.09,0.00008],[66854.08,0.0189],[66853.39,0.48467],[66853.38,0.53905],[66853.08,0.00009],[66851.8,0.081],[66851.41,0.00026],[66851.22,0.04],[66851.13,0.41121],[66850.72,0.02],[66850.56,0.00009],[66850.36,0.53905]],"asks":[[66859.3,0.61375],[66862.71,0.02901],[66863,0.0851],[66863.99,0.04107],[66864,0.0851],[66864.51,0.01957],[66865.68,0.00009],[66866.57,0.04489],[66867.92,0.01866],[66868.2,0.00009],[66869.44,0.02421],[66869.45,0.081],[66869.92,0.00012],[66870.72,0.00009],[66871.61,0.08476],[66871.62,0.02],[66873.04,0.16091],[66873.05,0.53905],[66873.19,0.05139],[66873.24,0.00009]]}
{"type":"tick","time":1775237321050,"price":66859.3,"bids":[[66859.29,0.31181],[66859.24,0.00008],[66859.23,0.02991],[66858.47,0.0026],[66858.12,0.00009],[66856.55,0.00012],[66855.6,0.00009],[66854.08,0.0189],[66853.4,0.08406],[66853.39,0.48467],[66853.38,0.53905],[66853.08,0.00009],[66851.8,0.081],[66851.41,0.00026],[66851.22,0.04],[66851.13,0.41121],[66850.72,0.02],[66850.56,0.00009],[66850.36,0.53905],[66850.01,0.04]],"asks":[[66859.3,0.29676],[66862.99,0.02548],[66863,0.0851],[66863.99,0.04115],[66864,0.0851],[66864.51,0.01957],[66865.68,0.00009],[66865.96,0.04489],[66867.92,0.01866],[66868.2,0.00009],[66869.41,0.02421],[66869.45,0.081],[66869.92,0.00012],[66870.72,0.00009],[66871.61,0.10628],[66871.62,0.02],[66872.79,0.08962],[66872.8,0.13],[66873.04,0.16091],[66873.05,0.53905]]}
{"type":"tick","time":1775237324442,"price":66859.3,"bids":[[66859.29,0.45523],[66859.24,0.00008],[66859.23,0.02991],[66858.47,0.0026],[66858.12,0.00009],[66856.55,0.00012],[66855.6,0.00009],[66854.08,0.0189],[66853.39,0.48467],[66853.38,0.53905],[66853.08,0.00009],[66851.8,0.081],[66851.22,0.04],[66851.13,0.41121],[66850.91,0.00024],[66850.72,0.02],[66850.56,0.00009],[66850.36,0.53905],[66850.01,0.04],[66850,0.00022]],"asks":[[66859.3,0.42626],[66862.98,0.00008],[66862.99,0.02548],[66863,0.0851],[66863.99,0.04107],[66864,0.0851],[66864.51,0.01957],[66865.68,0.00009],[66865.96,0.04489],[66867.92,0.01866],[66868.2,0.00009],[66869.41,0.02421],[66869.45,0.081],[66869.92,0.00012],[66870.72,0.00009],[66871.61,0.10628],[66871.62,0.02],[66872.78,0.24247],[66872.8,0.13],[66873.05,0.53905]]}
{"type":"tick","time":1775237325996,"price":66859.3,"bids":[[66859.29,0.32563],[66859.24,0.00008],[66859.23,0.02991],[66858.47,0.0026],[66858.12,0.00009],[66856.55,0.00012],[66855.6,0.00009],[66854.08,0.0189],[66853.39,0.48467],[66853.38,0.53905],[66853.08,0.00009],[66851.8,0.081],[66851.22,0.04],[66851.13,0.41121],[66850.91,0.00024],[66850.72,0.02],[66850.56,0.00009],[66850.36,0.53905],[66850.01,0.04],[66850,0.00022]],"asks":[[66859.3,0.50346],[66862.99,0.0254],[66863,0.0851],[66863.99,0.04107],[66864,0.0851],[66864.51,0.01957],[66865.68,0.00009],[66865.96,0.04489],[66867.92,0.01866],[66868.2,0.00009],[66869.41,0.02421],[66869.45,0.081],[66869.92,0.00012],[66870.72,0.00009],[66871.61,0.10628],[66871.62,0.02],[66872.78,0.24247],[66872.8,0.13],[66873.05,0.53905],[66873.2,0.05354]]}
{"type":"tick","time":1775237329157,"price":66862.98,"bids":[[66862.98,0.86528],[66862.97,0.00213],[66862.85,0.02321],[66860.26,0.16091],[66860.25,0.53905],[66859.5,0.0851],[66859.3,0.07173],[66858.5,0.0851],[66858.47,0.0026],[66858.12,0.04009],[66858,0.0851],[66857.52,0.02],[66856.55,0.00012],[66855.6,0.00009],[66853.54,0.01919],[66853.41,0.76293],[66853.4,0.98515],[66853.38,0.53905],[66853.08,0.00009],[66852.23,0.00022]],"asks":[[66862.99,0.17391],[66863,0.0851],[66863.99,0.00008],[66864,0.0851],[66865.68,0.00009],[66866.14,0.02],[66866.72,0.04489],[66867.92,0.01866],[66868.2,0.00009],[66868.63,0.03615],[66868.64,0.04],[66869.45,0.081],[66869.92,0.00012],[66870.72,0.00009],[66871.62,0.02],[66873.24,0.00009],[66874.38,0.09635],[66874.39,0.26105],[66874.45,0.02834],[66874.65,0.01495]]}
{"type":"tick","time":1775237335682,"price":66861.14,"bids":[[66861.14,0.34314],[66861.09,0.00008],[66861.08,0.02991],[66858.54,0.00008],[66858.53,0.23007],[66858.52,0.53905],[66858.5,0.0851],[66858.47,0.0026],[66858.12,0.00009],[66858,0.0851],[66855.8,0.17884],[66855.79,0.53905],[66855.6,0.00009],[66854.12,0.06],[66853.43,0.30913],[66853.4,0.04057],[66853.08,0.00009],[66852.54,0.01949],[66852.15,0.53905],[66851.8,0.081]],"asks":[[66861.15,0.46586],[66861.49,0.00008],[66861.5,0.0851],[66862.49,0.00008],[66862.5,0.0851],[66862.78,0.02],[66863,0.0851],[66863.49,0.05083],[66863.5,0.0851],[66864,0.0851],[66865.68,0.00009],[66867.08,0.02],[66867.09,0.03874],[66867.19,0.02991],[66867.92,0.01866],[66868.2,0.00009],[66869.03,0.01121],[66869.45,0.081],[66869.92,0.00012],[66870.72,0.00009]]}
{"type":"tick","time":1775237340593,"price":66861.15,"bids":[[66861.14,0.39363],[66860.93,0.00008],[66860.92,0.02321],[66858.54,0.00008],[66858.53,0.23007],[66858.52,0.53905],[66858.5,0.0851],[66858.12,0.00009],[66858,0.0851],[66855.8,0.17884],[66855.79,0.53905],[66855.6,0.00009],[66854.12,0.06],[66853.43,0.30913],[66853.4,0.04057],[66853.08,0.00009],[66852.15,0.53905],[66851.8,0.081],[66851.13,0.41121],[66850.9,0.0002]],"asks":[[66861.15,0.5033],[66861.49,0.00008],[66861.5,0.0851],[66862.49,0.00008],[66862.5,0.0851],[66863,0.0851],[66863.4,0.01121],[66863.5,0.0851],[66864,0.0851],[66864.42,0.02],[66865.1,0.01981],[66865.68,0.00009],[66866.86,0.04806],[66867.08,0.02],[66867.19,0.02991],[66867.92,0.01866],[66868.2,0.00009],[66869.03,0.01121],[66869.45,0.081],[66869.92,0.00012]]}
{"type":"tick","time":1775237344056,"price":66861.15,"bids":[[66861.14,0.39347],[66860.93,0.00008],[66860.92,0.02321],[66858.53,0.22999],[66858.52,0.53905],[66858.5,0.0851],[66858.12,0.00009],[66858,0.0851],[66855.8,0.17884],[66855.79,0.53905],[66855.6,0.00009],[66854.12,0.06],[66853.43,0.30913],[66853.4,0.04057],[66853.08,0.00009],[66852.15,0.53905],[66851.8,0.081],[66851.66,0.00018],[66851.13,0.41121],[66851.04,0.01947]],"asks":[[66861.15,0.13649],[66861.49,0.00008],[66861.5,0.0851],[66862.49,0.00008],[66862.5,0.0851],[66863,0.0851],[66863.4,0.01121],[66863.5,0.0851],[66864,0.0851],[66865.1,0.01981],[66865.68,0.00009],[66866.86,0.04806],[66867.08,0.02],[66867.19,0.02991],[66867.92,0.01866],[66868.2,0.00009],[66869.03,0.01121],[66869.42,0.02],[66869.45,0.081],[66869.92,0.00012]]}
{"type":"tick","time":1775237345398,"price":66862.55,"bids":[[66862.55,0.72008],[66862.52,0.00008],[66862.51,0.01586],[66862.5,0.00008],[66862.49,0.05312],[66860.01,0.00008],[66860,0.0893],[66858.53,0.20808],[66858.52,0.53905],[66858.5,0.0851],[66858.12,0.00009],[66858,0.0851],[66855.8,0.17884],[66855.79,0.53905],[66855.6,0.00009],[66854.12,0.06],[66853.43,0.30913],[66853.4,0.04057],[66853.08,0.00009],[66852.15,0.53905]],"asks":[[66862.56,0.17186],[66863.39,0.00008],[66863.4,0.01121],[66863.49,0.00008],[66863.5,0.0851],[66863.99,0.00008],[66864,0.0851],[66865.1,0.01981],[66865.68,0.00009],[66866.47,0.02],[66867.78,0.06447],[66867.79,0.04489],[66867.92,0.01866],[66868.07,0.04],[66868.2,0.00009],[66869.03,0.01121],[66869.42,0.02],[66869.45,0.081],[66869.92,0.00012],[66870.72,0.00009]]}
{"type":"tick","time":1775237348725,"price":66862.56,"bids":[[66862.55,0.72567],[66862.51,0.04048],[66862.49,0.05312],[66861.5,0.0893],[66860,0.0893],[66858.53,0.20808],[66858.52,0.53905],[66858.5,0.0851],[66858.12,0.00009],[66858,0.0851],[66855.84,0.47291],[66855.83,0.98515],[66855.79,0.53905],[66855.6,0.00009],[66854.12,0.06],[66853.93,0.0199],[66853.43,0.30913],[66853.4,0.04057],[66853.08,0.00009],[66852.15,0.53905]],"asks":[[66862.56,0.06476],[66863.39,0.00008],[66863.4,0.01121],[66865.46,0.00008],[66865.47,0.04],[66865.68,0.00009],[66867.26,0.00008],[66867.27,0.02],[66867.92,0.01866],[66867.98,0.00008],[66868.2,0.00009],[66869.03,0.01121],[66869.45,0.081],[66869.92,0.00012],[66870.72,0.00009],[66871.32,0.02],[66872.81,0.08438],[66872.82,0.04],[66873.24,0.00009],[66874.38,0.09093]]}
{"type":"tick","time":1775237350895,"price":66865.1,"bids":[[66865.09,0.80697],[66864,0.0893],[66863.41,0.21889],[66862.56,0.53905],[66862.55,0.04079],[66861.5,0.0893],[66860,0.0893],[66858.53,0.20808],[66858.52,0.53905],[66858.12,0.00009],[66856.55,0.00012],[66855.84,0.47291],[66855.83,0.98515],[66855.79,0.53905],[66855.6,0.00009],[66854.12,0.06],[66853.93,0.0199],[66853.43,0.30913],[66853.08,0.00009],[66852.44,0.02]],"asks":[[66865.1,0.02361],[66865.6,0.00008],[66865.61,0.01121],[66865.68,0.00009],[66867.91,0.00008],[66867.92,0.01866],[66868.2,0.00009],[66868.86,0.00008],[66868.87,0.06],[66869.03,0.01121],[66869.44,0.00008],[66869.92,0.00012],[66870.72,0.00009],[66870.89,0.04488],[66871.79,0.081],[66872.82,0.04],[66873.23,0.02],[66873.24,0.00009],[66873.52,0.02],[66874.45,0.02834]]}
{"type":"tick","time":1775237351641,"price":66867.53,"bids":[[66867.52,0.91767],[66865.69,0.00008],[66865.68,0.18814],[66865.63,0.00008],[66865.62,0.53905],[66865.5,0.0893],[66865,0.0893],[66864.5,0.0893],[66864,0.0893],[66863.41,0.21889],[66862.56,0.53905],[66862.55,0.04079],[66861.82,0.02],[66860.64,0.00009],[66858.98,0.081],[66858.82,0.04],[66858.61,0.00018],[66858.53,0.20808],[66858.52,0.53905],[66858.12,0.00009]],"asks":[[66867.53,0.3129],[66868.2,0.00009],[66869.02,0.00008],[66869.03,0.01121],[66869.3,0.00008],[66869.31,0.01122],[66869.92,0.00012],[66870.72,0.00009],[66871.66,0.02384],[66871.67,0.06],[66872.82,0.01979],[66873.24,0.00009],[66874.44,0.08514],[66874.45,0.02834],[66874.64,0.02056],[66875.76,0.00009],[66875.88,0.04867],[66876.02,0.02],[66876.6,0.00012],[66876.9,0.00152]]}
{"type":"tick","time":1775237353141,"price":66867.53,"bids":[[66867.52,0.90899],[66867.5,0.0893],[66867.28,0.02321],[66866.51,0.29419],[66866.5,0.0893],[66865.62,0.53905],[66865.5,0.0893],[66865,0.0893],[66864.5,0.0893],[66864.03,0.04],[66864,0.0893],[66863.41,0.44516],[66862.57,0.98515],[66862.56,0.53905],[66862.55,0.04079],[66861.82,0.02],[66860.64,0.00009],[66859.05,0.01918],[66858.98,0.081],[66858.61,0.00018]],"asks":[[66867.53,0.00032],[66868.2,0.00009],[66869.3,0.00008],[66869.48,0.00008],[66869.49,0.02321],[66870.72,0.00009],[66872.81,0.00008],[66872.82,0.01979],[66873.24,0.00009],[66874.44,0.00008],[66874.45,0.02834],[66874.76,0.01121],[66875.18,0.02],[66875.58,0.00598],[66875.76,0.00009],[66875.88,0.04867],[66876.6,0.00012],[66876.9,0.00152],[66877.01,0.09037],[66878.26,0.10963]]}
{"type":"tick","time":1775237354236,"price":66869.49,"bids":[[66869.48,0.75229],[66868.2,0.14769],[66868.19,0.17633],[66867.53,0.1296],[66867.5,0.0893],[66866.51,0.29419],[66866.5,0.0893],[66865.62,0.53905],[66865.5,0.0893],[66865,0.0893],[66864.5,0.0893],[66864.03,0.04],[66864,0.0893],[66863.41,0.44516],[66863.16,0.00009],[66862.57,0.98515],[66862.56,0.53905],[66862.55,0.04079],[66861.82,0.02],[66860.64,0.00009]],"asks":[[66869.49,0.08774],[66870.72,0.00009],[66872.81,0.00008],[66872.82,0.01979],[66873.24,0.00009],[66874.44,0.00008],[66874.45,0.02834],[66874.76,0.01121],[66875.17,0.00008],[66875.18,0.02],[66875.76,0.00009],[66875.88,0.04867],[66876.07,0.04488],[66876.6,0.00012],[66876.9,0.00152],[66877.01,0.09037],[66877.45,0.01122],[66878.26,0.10963],[66878.27,0.09946],[66878.28,0.00009]]}
{"type":"tick","time":1775237354741,"price":66869.49,"bids":[[66869.48,0.75329],[66868.2,0.07929],[66868.19,0.17633],[66868,0.0893],[66867.5,0.0893],[66866.51,0.29419],[66866.5,0.0893],[66865.87,0.01903],[66865.62,0.53905],[66865.5,0.0893],[66865,0.0893],[66864.5,0.0893],[66864.03,0.04],[66864,0.0893],[66863.41,0.44516],[66863.16,0.00009],[66862.57,0.98515],[66862.56,0.53905],[66862.55,0.04079],[66861.82,0.02]],"asks":[[66869.49,0.00032],[66870.72,0.00009],[66872.81,0.00008],[66872.82,0.01979],[66873.24,0.03951],[66873.26,0.02321],[66874.44,0.00008],[66874.45,0.02834],[66874.76,0.01121],[66875.17,0.00008],[66875.18,0.02],[66875.76,0.00009],[66875.87,0.00008],[66875.88,0.04867],[66875.93,0.02343],[66876.6,0.00012],[66876.9,0.00152],[66877.01,0.09037],[66877.45,0.01122],[66878.28,0.00009]]}
{"type":"tick","time":1775237355826,"price":66872.82,"bids":[[66872.81,0.57012],[66871.49,0.04118],[66870.72,0.05275],[66870.71,0.17673],[66869.5,0.32578],[66869.49,0.53905],[66868,0.0893],[66867.5,0.0893],[66866.51,0.25037],[66866.12,0.081],[66865.87,0.01903],[66865.68,0.00009],[66865.62,0.53905],[66864.03,0.04],[66863.41,0.44516],[66863.23,0.00012],[66863.16,0.00009],[66862.57,0.98515],[66862.56,0.53905],[66861.82,0.02]],"asks":[[66872.82,0.14973],[66873.23,0.00008],[66873.24,0.03951],[66873.25,0.00008],[66873.26,0.02321],[66874.44,0.00008],[66874.45,0.02834],[66875.76,0.00009],[66875.87,0.00008],[66875.88,0.04867],[66876.6,0.00012],[66876.9,0.00152],[66877,0.00008],[66877.01,0.09037],[66877.45,0.01122],[66878.18,0.04488],[66878.28,0.00009],[66878.9,0.09948],[66879.05,0.02],[66879.06,0.081]]}
{"type":"tick","time":1775237356340,"price":66872.82,"bids":[[66872.81,0.58466],[66871.49,0.04118],[66870.72,0.05275],[66870.71,0.17673],[66869.5,0.32578],[66869.49,0.53905],[66868,0.0893],[66867.5,0.0893],[66866.51,0.25037],[66866.12,0.081],[66865.87,0.01903],[66865.68,0.00009],[66865.62,0.53905],[66864.03,0.04],[66863.41,0.44516],[66863.23,0.00012],[66863.16,0.00009],[66862.57,0.98515],[66862.56,0.53905],[66861.82,0.02]],"asks":[[66872.82,0.00048],[66873.23,0.00008],[66873.24,0.03951],[66873.25,0.00008],[66873.26,0.02321],[66874.44,0.00008],[66874.45,0.02834],[66875.48,0.02],[66875.76,0.00009],[66875.87,0.00008],[66875.88,0.04867],[66876.6,0.00012],[66876.9,0.00152],[66877,0.00008],[66877.01,0.09037],[66877.45,0.01122],[66878.28,0.00009],[66878.9,0.09948],[66879.05,0.02],[66879.06,0.081]]}
{"type":"tick","time":1775237357271,"price":66873.23,"bids":[[66873.23,1.19917],[66872.83,0.07309],[66872.82,0.1296],[66872.81,0.02321],[66871.49,0.04118],[66869.5,0.32578],[66869.49,0.53905],[66868,0.0893],[66866.51,0.25037],[66866.12,0.081],[66865.68,0.00009],[66865.62,0.53905],[66864.03,0.04],[66863.41,0.44516],[66863.23,0.00012],[66863.16,0.00009],[66862.57,0.98515],[66862.56,0.53905],[66861.82,0.02],[66860.64,0.00009]],"asks":[[66873.24,0.11989],[66873.25,0.00008],[66873.26,0.02321],[66874.44,0.00008],[66874.45,0.02834],[66875.18,0.00008],[66875.19,0.01905],[66875.76,0.00009],[66875.87,0.00008],[66875.88,0.04867],[66876.6,0.00012],[66876.9,0.00152],[66877,0.00008],[66877.01,0.09037],[66878.25,0.04488],[66878.28,0.00009],[66878.9,0.09948],[66879.05,0.02],[66879.06,0.081],[66879.57,0.09264]]}
{"type":"tick","time":1775237357893,"price":66873.24,"bids":[[66873.23,1.21361],[66872.83,0.07309],[66872.82,0.1296],[66872.81,0.02321],[66871.49,0.04118],[66869.5,0.32578],[66869.49,0.53905],[66868,0.0893],[66866.51,0.25037],[66866.12,0.081],[66865.68,0.00009],[66865.62,0.53905],[66864.03,0.04],[66863.41,0.44516],[66863.23,0.00012],[66863.16,0.00009],[66862.57,0.98515],[66862.56,0.53905],[66861.82,0.02],[66860.64,0.00009]],"asks":[[66873.24,0.09989],[66873.77,0.00008],[66873.78,0.02321],[66874.44,0.00008],[66874.45,0.02834],[66875.76,0.00009],[66875.87,0.00008],[66875.88,0.04867],[66876.6,0.00012],[66876.9,0.00152],[66877,0.00008],[66877.01,0.09037],[66878.28,0.00009],[66878.89,0.04488],[66878.9,0.09948],[66879.05,0.02],[66879.06,0.081],[66879.57,0.09264],[66880.79,0.00024],[66880.8,0.00009]]}
{"type":"tick","time":1775237360110,"price":66873.24,"bids":[[66873.23,1.21407],[66872.83,0.07309],[66872.82,0.1296],[66872.81,0.02321],[66871.49,0.04118],[66869.5,0.32578],[66869.49,0.53905],[66868.83,0.02],[66868,0.0893],[66866.51,0.25037],[66866.19,0.00018],[66866.12,0.081],[66865.68,0.00009],[66865.62,0.53905],[66864.03,0.04],[66863.41,0.44516],[66863.23,0.00012],[66863.16,0.00009],[66862.57,0.98515],[66862.56,0.53905]],"asks":[[66873.24,0.03689],[66874.34,0.00008],[66874.35,0.02321],[66874.44,0.00008],[66874.45,0.02834],[66875.76,0.00009],[66875.87,0.00008],[66875.88,0.04867],[66876.6,0.00012],[66876.9,0.00152],[66877,0.00008],[66877.01,0.09037],[66877.48,0.06],[66878.28,0.00009],[66878.9,0.09948],[66879.06,0.081],[66879.57,0.09264],[66880.79,0.02],[66880.8,0.00009],[66881.29,0.03689]]}
{"type":"tick","time":1775237361092,"price":66874.35,"bids":[[66874.34,0.78816],[66873.25,0.19755],[66873.24,0.53905],[66872,0.0893],[66871.49,0.04118],[66871.03,0.04],[66869.5,0.2506],[66869.49,0.53905],[66868.83,0.02],[66868.2,0.00009],[66866.19,0.00018],[66866.12,0.081],[66865.81,0.01972],[66865.68,0.00009],[66865.63,0.16091],[66865.62,0.53905],[66863.41,0.44516],[66863.23,0.00012],[66863.16,0.00009],[66862.57,0.98515]],"asks":[[66874.35,0.06969],[66874.44,0.00008],[66874.45,0.02834],[66875.76,0.00009],[66875.87,0.00008],[66875.88,0.04867],[66876.6,0.00012],[66876.9,0.00152],[66877,0.00008],[66877.01,0.09037],[66877.32,0.02321],[66877.48,0.06],[66878.09,0.01902],[66878.28,0.00009],[66878.9,0.09948],[66879.57,0.09264],[66880.78,0.01524],[66880.8,0.00009],[66881.74,0.04488],[66881.93,0.01121]]}
{"type":"tick","time":1775237366341,"price":66881.67,"bids":[[66881.66,0.81288],[66880.59,0.02423],[66880.58,0.04118],[66877.73,0.04],[66875.91,0.16749],[66875.88,0.00198],[66875.76,0.00009],[66875.53,0.02],[66874.36,0.53905],[66873.24,0.00009],[66873.11,0.00018],[66872.87,0.02421],[66872.86,0.081],[66871.46,0.01956],[66870.72,0.00009],[66869.91,0.00012],[66869.52,0.48763],[66869.51,0.98515],[66869.49,0.53905],[66869.44,0.05163]],"asks":[[66881.67,0.00008],[66883.28,0.00012],[66883.31,0.06],[66883.32,0.00009],[66885.14,0.00008],[66885.84,0.00009],[66888.01,0.00008],[66888.35,0.00008],[66888.36,0.08109],[66889.95,0.02],[66889.96,0.00012],[66890.37,0.02154],[66890.88,0.00009],[66891.07,0.02],[66892.48,0.08623],[66893.4,0.00009],[66893.57,0.08376],[66893.58,0.3248],[66894.21,0.01121],[66894.29,0.04]]}
{"type":"tick","time":1775237366876,"price":66883.31,"bids":[[66883.3,0.82948],[66883.27,0.08618],[66881.67,0.1296],[66881.66,0.1296],[66880.58,0.04118],[66877.73,0.04],[66877.05,0.16091],[66877.04,0.53905],[66876.59,0.00012],[66875.91,0.16749],[66875.88,0.00198],[66875.76,0.00009],[66875.53,0.02],[66874.36,0.53905],[66873.24,0.00009],[66873.11,0.00018],[66872.87,0.02421],[66872.86,0.081],[66871.46,0.01956],[66870.72,0.00009]],"asks":[[66883.31,0.08337],[66883.32,0.00009],[66885.84,0.00009],[66888.23,0.00008],[66888.24,0.04487],[66888.35,0.00008],[66888.36,0.08109],[66889.95,0.02],[66889.96,0.00012],[66890.37,0.02154],[66890.88,0.00009],[66891.07,0.02],[66892.48,0.08623],[66893.4,0.00009],[66893.57,0.08376],[66893.58,0.3248],[66894.21,0.01121],[66894.29,0.04],[66895.41,0.02653],[66895.42,0.081]]}
{"type":"tick","time":1775237367785,"price":66883.3,"bids":[[66883.3,0.84454],[66880.58,0.04118],[66877.73,0.04],[66877.05,0.16091],[66877.04,0.53905],[66876.59,0.00012],[66875.91,0.16749],[66875.88,0.00198],[66875.76,0.00009],[66875.53,0.02],[66874.36,0.53905],[66873.24,0.00009],[66873.11,0.00018],[66872.87,0.02421],[66872.86,0.081],[66871.46,0.01956],[66870.72,0.00009],[66869.91,0.00012],[66869.52,0.48763],[66869.51,0.98515]],"asks":[[66883.31,0.08335],[66883.32,0.00009],[66885.84,0.00009],[66886.31,0.00008],[66886.32,0.01921],[66888.24,0.00008],[66888.25,0.04487],[66888.35,0.00008],[66888.36,0.08109],[66889.95,0.02],[66889.96,0.00012],[66890.37,0.02154],[66890.88,0.00009],[66891.07,0.02],[66892.48,0.08623],[66893.4,0.00009],[66893.57,0.08376],[66893.58,0.3248],[66894.21,0.01121],[66894.29,0.04]]}
{"type":"tick","time":1775237369839,"price":66883.31,"bids":[[66883.3,0.84444],[66880.58,0.04118],[66877.73,0.04],[66877.05,0.16091],[66877.04,0.53905],[66876.59,0.00012],[66875.91,0.16749],[66875.88,0.00198],[66875.76,0.00009],[66875.53,0.02],[66874.36,0.53905],[66873.24,0.00009],[66873.11,0.00018],[66872.87,0.02421],[66872.86,0.081],[66871.46,0.01956],[66870.72,0.00009],[66869.91,0.00012],[66869.52,0.48763],[66869.51,0.98515]],"asks":[[66883.31,0.08327],[66883.32,0.00009],[66885.84,0.00009],[66888.24,0.00008],[66888.25,0.04487],[66888.35,0.00008],[66888.36,0.08109],[66888.49,0.01121],[66889.95,0.02],[66889.96,0.00012],[66890.37,0.02154],[66890.88,0.00009],[66891.07,0.02],[66892.48,0.08623],[66893.4,0.00009],[66893.57,0.08376],[66893.58,0.3248],[66894.21,0.01121],[66894.29,0.04],[66895.41,0.02653]]}
{"type":"tick","time":1775237372252,"price":66883.3,"bids":[[66883.3,0.84444],[66880.58,0.04118],[66877.73,0.04],[66877.07,0.45497],[66877.06,0.98515],[66877.04,0.53905],[66876.59,0.00012],[66875.91,0.16749],[66875.88,0.00198],[66875.76,0.00009],[66875.53,0.02],[66874.96,0.01968],[66874.36,0.53905],[66873.24,0.00009],[66873.11,0.00018],[66872.87,0.02421],[66872.86,0.081],[66871.46,0.01956],[66870.72,0.00009],[66869.91,0.00012]],"asks":[[66883.31,0.0831],[66883.32,0.00009],[66885.84,0.00009],[66888.24,0.01967],[66888.35,0.00008],[66888.36,0.08109],[66888.49,0.01121],[66889.95,0.02],[66889.96,0.00012],[66890.37,0.0424],[66890.5,0.04487],[66890.88,0.00009],[66891.07,0.02],[66892.48,0.08623],[66893.4,0.00009],[66893.57,0.08376],[66893.58,0.23277],[66894.21,0.01121],[66894.29,0.04],[66895.42,0.081]]}
{"type":"tick","time":1775237381228,"price":66883.31,"bids":[[66883.3,0.26119],[66880.59,0.00008],[66880.58,0.04118],[66877.09,0.16091],[66877.08,0.53905],[66876.59,0.00012],[66875.88,0.00198],[66875.76,0.00009],[66875.58,0.00021],[66874.96,0.01968],[66873.24,0.00009],[66873.03,0.06],[66872.96,0.21412],[66872.95,0.0523],[66872.86,0.081],[66872.58,0.53905],[66871.46,0.01956],[66870.89,0.01121],[66870.72,0.00009],[66870.32,0.04487]],"asks":[[66883.31,0.43161],[66883.32,0.00009],[66884.25,0.04],[66884.49,0.02668],[66884.5,0.0893],[66885.84,0.00009],[66888.24,0.01967],[66888.36,0.00009],[66889.95,0.02],[66889.96,0.00012],[66890.37,0.0424],[66890.56,0.04487],[66890.88,0.00009],[66891.07,0.02],[66892.48,0.08623],[66893.4,0.00009],[66893.57,0.08376],[66893.58,0.23277],[66895.42,0.081],[66895.92,0.00009]]}
{"type":"tick","time":1775237382229,"price":66883.3,"bids":[[66883.3,0.34219],[66880.59,0.00008],[66880.58,0.04118],[66877.09,0.16091],[66877.08,0.53905],[66876.59,0.00012],[66875.88,0.00198],[66875.76,0.00009],[66875.58,0.00021],[66874.96,0.01968],[66873.24,0.00009],[66873.03,0.06],[66872.96,0.21412],[66872.95,0.0523],[66872.86,0.081],[66872.58,0.53905],[66871.46,0.01956],[66870.89,0.01121],[66870.72,0.00009],[66870.32,0.04487]],"asks":[[66883.31,0.43131],[66883.32,0.00009],[66884.25,0.04],[66884.49,0.02668],[66884.5,0.0893],[66885.84,0.00009],[66888.24,0.01967],[66888.36,0.00009],[66889.95,0.02],[66889.96,0.00012],[66890.37,0.0424],[66890.56,0.04487],[66890.88,0.00009],[66891.07,0.02],[66892.48,0.08623],[66893.4,0.00009],[66893.57,0.08376],[66893.58,0.23277],[66895.42,0.081],[66895.92,0.00009]]}
{"type":"tick","time":1775237389777,"price":66883.3,"bids":[[66883.3,0.04318],[66882.14,0.00008],[66882.13,0.02321],[66880.59,0.00008],[66880.58,0.04118],[66877.12,0.00008],[66877.11,0.14414],[66877.1,0.53905],[66876.59,0.00012],[66875.88,0.00198],[66875.76,0.00009],[66874.96,0.01968],[66873.24,0.00009],[66873.03,0.06],[66872.96,0.21412],[66872.86,0.081],[66872.58,0.53905],[66871.46,0.01956],[66870.89,0.01121],[66870.72,0.00009]],"asks":[[66883.31,0.47627],[66883.32,0.00009],[66884.25,0.04],[66884.49,0.02668],[66884.5,0.0893],[66885.84,0.00009],[66887.94,0.02479],[66888.07,0.04318],[66888.24,0.01967],[66888.36,0.00009],[66889.95,0.02],[66889.96,0.00012],[66890.37,0.0424],[66890.88,0.00009],[66891.07,0.02],[66892.48,0.08623],[66893.4,0.00009],[66893.55,0.50814],[66893.56,0.53905],[66895.42,0.081]]}
{"type":"tick","time":1775237397791,"price":66883.3,"bids":[[66883.3,0.01191],[66880.69,0.00008],[66880.68,0.02321],[66880.59,0.00008],[66880.58,0.04118],[66877.12,0.00008],[66877.11,0.14414],[66877.1,0.53905],[66876.59,0.00012],[66875.88,0.00198],[66875.76,0.00009],[66874.96,0.01968],[66873.24,0.00009],[66873.03,0.06],[66872.96,0.21412],[66872.86,0.081],[66872.58,0.53905],[66871.46,0.01956],[66870.72,0.00009],[66869.91,0.00012]],"asks":[[66883.31,0.43999],[66883.32,0.00009],[66883.99,0.06528],[66884,0.0893],[66884.25,0.04],[66884.5,0.0893],[66885.84,0.00009],[66888.23,0.10254],[66888.24,0.01967],[66888.36,0.00009],[66889.95,0.02],[66889.96,0.00012],[66890.37,0.0424],[66890.88,0.00009],[66891.07,0.02],[66892.48,0.08623],[66893.19,0.04181],[66893.4,0.00009],[66893.55,0.1442],[66895.42,0.081]]}
{"type":"tick","time":1775237399292,"price":66881.8,"bids":[[66881.8,0.011],[66877.65,0.00008],[66877.64,0.0299],[66876.59,0.00012],[66875.88,0.00198],[66875.76,0.00009],[66874.34,0.00008],[66874.33,0.04073],[66873.24,0.00009],[66873.07,0.00008],[66873.06,0.2326],[66873.05,0.53905],[66872.86,0.081],[66870.72,0.00009],[66869.91,0.00012],[66869.56,0.30158],[66869.55,0.53905],[66868.23,0.06],[66868.2,0.00009],[66867.22,0.41118]],"asks":[[66881.81,1.88281],[66881.99,0.08075],[66882,0.0893],[66883,0.0893],[66883.3,0.0896],[66883.31,0.00223],[66883.32,0.00009],[66883.99,0.06528],[66884,0.0893],[66884.25,0.04],[66884.5,0.0893],[66885.84,0.00009],[66887.9,0.01525],[66887.91,0.01121],[66888.24,0.01967],[66888.36,0.00009],[66889.95,0.02],[66889.96,0.00012],[66890.37,0.02154],[66890.88,0.00009]]}
{"type":"tick","time":1775237403049,"price":66877.65,"bids":[[66877.64,0.34643],[66876.59,0.00012],[66876.36,0.01496],[66875.76,0.00009],[66874.33,0.04073],[66873.24,0.00009],[66873.07,0.19211],[66873.05,0.53905],[66870.72,0.00009],[66870.47,0.02034],[66869.91,0.00012],[66869.56,0.28662],[66869.55,0.53905],[66868.23,0.06],[66868.2,0.00009],[66867.48,0.05208],[66867.22,0.41118],[66866.12,0.081],[66865.74,0.67197],[66865.73,0.98515]],"asks":[[66877.65,0.21545],[66879.14,0.00008],[66879.15,0.02321],[66881.79,0.00008],[66881.8,0.07886],[66881.81,0.083],[66882,0.0893],[66883,0.0893],[66883.31,0.00223],[66883.32,0.00009],[66883.99,0.03232],[66884.25,0.04],[66884.34,0.081],[66885.84,0.00009],[66887.88,0.04448],[66887.91,0.01121],[66888.24,0.01967],[66888.36,0.00009],[66889.94,0.09353],[66889.95,0.02]]}
{"type":"tick","time":1775237405893,"price":66877.64,"bids":[[66877.64,0.41927],[66876.59,0.00012],[66876.37,0.00008],[66876.36,0.01496],[66876.34,0.0026],[66875.76,0.00009],[66874.34,0.00008],[66874.33,0.04073],[66873.24,0.00009],[66873.07,0.19211],[66873.05,0.53905],[66870.72,0.00009],[66870.47,0.02034],[66869.91,0.00012],[66869.56,0.28662],[66869.55,0.53905],[66868.23,0.06],[66868.2,0.00009],[66867.48,0.05208],[66867.22,0.41118]],"asks":[[66877.65,0.38271],[66878.04,0.00008],[66878.05,0.02321],[66881.79,0.00008],[66881.8,0.07886],[66881.81,0.083],[66882,0.0893],[66883,0.0893],[66883.31,0.00223],[66883.32,0.00009],[66883.9,0.02053],[66883.99,0.03232],[66884.25,0.04],[66884.34,0.081],[66885.84,0.00009],[66887.88,0.0159],[66888.24,0.01967],[66888.36,0.00009],[66889.95,0.02],[66889.96,0.00012]]}
{"type":"tick","time":1775237420196,"price":66877.65,"bids":[[66877.64,0.59109],[66876.59,0.00012],[66876.34,0.0026],[66875.76,0.00009],[66874.94,0.03007],[66874.93,0.06],[66874.33,0.04073],[66873.28,0.01984],[66873.24,0.00009],[66873.07,0.19211],[66873.05,0.53905],[66870.95,0.06525],[66870.72,0.00009],[66870.47,0.02034],[66869.91,0.00012],[66869.56,0.28662],[66869.55,0.53905],[66868.83,0.01121],[66868.2,0.00009],[66867.48,0.05208]],"asks":[[66877.65,0.22187],[66877.71,0.00008],[66877.72,0.00222],[66878.04,0.00008],[66878.05,0.02321],[66879.03,0.00008],[66879.04,0.06],[66881.8,0.00008],[66881.81,0.083],[66882,0.0893],[66883,0.0893],[66883.32,0.00009],[66883.99,0.03232],[66884.25,0.04],[66884.34,0.081],[66884.54,0.01975],[66885.84,0.00009],[66887.88,0.0381],[66888.24,0.01967],[66888.36,0.00009]]}
{"type":"tick","time":1775237420811,"price":66920.34,"bids":[[66920.33,2.59683],[66917.65,1.07619],[66917.5,0.04394],[66916.59,0.008],[66916.58,0.08868],[66914.55,0.0087],[66914.48,0.117],[66909.99,0.00012],[66909.2,0.66077],[66909.19,1.07619],[66908.68,0.01129],[66908.02,0.98515],[66907.64,0.06],[66907.17,0.081],[66906.47,0.77127],[66906.46,1.07619],[66906.39,0.41123],[66905.91,0.01978],[66905.66,0.02],[66904.6,0.4112]],"asks":[[66920.34,0.17003],[66920.35,0.00147],[66922.54,0.00008],[66922.55,0.21203],[66923.07,0.36195],[66923.29,0.081],[66923.36,0.00012],[66923.57,0.02001],[66926.16,0.00009],[66926.61,0.00019],[66927.11,0.01067],[66927.53,0.00022],[66928.57,0.00027],[66929.03,0.00011],[66930.04,0.00012],[66930.07,0.00012],[66931.2,0.00009],[66932.87,0.081],[66935,0.00011],[66935.67,0.02]]}
{"type":"tick","time":1775237421825,"price":66923.05,"bids":[[66923.05,1.32655],[66922.41,0.00008],[66922.4,0.13],[66920.34,0.6168],[66920.33,2.06484],[66920,0.13],[66917.66,0.33436],[66917.65,1.07619],[66917.5,0.04394],[66916.81,0.09668],[66916.8,0.13],[66916.58,0.00168],[66915.05,0.02],[66914.75,0.04],[66914.55,0.00721],[66914.48,0.06469],[66909.99,0.00012],[66909.2,0.66077],[66909.19,1.07619],[66908.68,0.01129]],"asks":[[66923.06,0.27534],[66923.07,0.36195],[66923.36,0.00012],[66925.8,0.02321],[66926.16,0.00009],[66926.61,0.00019],[66927.11,0.01067],[66927.53,0.00022],[66928.57,0.00027],[66929.03,0.00011],[66930.04,0.00012],[66930.07,0.00012],[66931.2,0.00009],[66932.86,0.02418],[66932.87,0.081],[66935,0.00011],[66936.24,0.00009],[66936.72,0.00012],[66937.46,0.04222],[66937.47,0.04]]}
{"type":"tick","time":1775237423111,"price":66923.05,"bids":[[66923.05,1.15515],[66922.41,0.00008],[66922.4,0.13],[66921.61,0.00008],[66921.6,0.13],[66920.8,0.13],[66920.34,0.6168],[66920.33,2.1151],[66920,0.13],[66919.2,0.13],[66917.66,0.33436],[66917.65,1.07619],[66917.5,0.04394],[66916.81,0.16327],[66916.58,0.01288],[66916.35,0.081],[66916.08,0.00009],[66915.05,0.02],[66914.75,0.04],[66914.55,0.00721]],"asks":[[66923.06,0.29975],[66923.07,0.36195],[66923.36,0.00012],[66926.16,0.00009],[66926.61,0.00019],[66927.11,0.01067],[66927.53,0.00022],[66928.57,0.00027],[66929.03,0.00011],[66930.04,0.00012],[66930.07,0.00012],[66931.2,0.00009],[66932.86,0.02418],[66932.87,0.081],[66935,0.00011],[66936.24,0.00009],[66936.72,0.00012],[66937.39,0.0772],[66937.4,0.04642],[66937.41,0.0955]]}
{"type":"tick","time":1775237423993,"price":66923.05,"bids":[[66923.05,1.15797],[66922.41,0.00008],[66922.4,0.13],[66921.61,0.00008],[66921.6,0.13],[66920.8,0.13],[66920.34,0.6168],[66920.33,2.1151],[66920,0.13],[66919.2,0.13],[66917.66,0.33436],[66917.65,1.07619],[66917.5,0.04394],[66916.81,0.16327],[66916.58,0.00168],[66916.35,0.081],[66916.08,0.00009],[66915.05,0.02],[66914.75,0.04],[66914.55,0.00721]],"asks":[[66923.06,0.29966],[66923.07,0.36195],[66923.36,0.00012],[66926.16,0.00009],[66926.61,0.00019],[66927.11,0.01067],[66927.53,0.00022],[66928.57,0.00027],[66929.03,0.00011],[66930.04,0.00012],[66930.07,0.00012],[66931.2,0.00009],[66932.86,0.02418],[66932.87,0.081],[66934.92,0.07765],[66934.93,0.05344],[66934.94,0.08955],[66935,0.00011],[66936.24,0.00009],[66936.72,0.00012]]}
{"type":"tick","time":1775237426749,"price":66917.52,"bids":[[66917.51,0.25481],[66917.5,0.0956],[66917.33,0.02989],[66916.81,0.00008],[66916.8,0.13],[66916.58,0.00168],[66916.08,0.00009],[66916,0.13],[66915.2,0.13],[66914.55,0.00721],[66914.4,0.13],[66913.6,0.13],[66913.56,0.00009],[66909.99,0.00012],[66909.18,0.18476],[66909.17,0.53796],[66907.17,0.081],[66906.5,0.88451],[66906.49,0.53796],[66906,0.00009]],"asks":[[66917.52,0.56967],[66918.98,0.00008],[66918.99,0.07177],[66919,0.0893],[66919.21,0.06157],[66919.5,0.0893],[66920.5,0.0893],[66921,0.0893],[66921.49,0.23978],[66921.5,0.0893],[66922,0.0893],[66922.5,0.0893],[66923.05,0.008],[66923.06,0.0209],[66923.07,0.36195],[66923.36,0.00012],[66923.64,0.00009],[66924.21,0.03023],[66924.22,0.081],[66926.16,0.00009]]}
{"type":"tick","time":1775237428338,"price":66917.51,"bids":[[66917.51,0.25481],[66917.5,0.0956],[66917.33,0.02989],[66916.81,0.00008],[66916.8,0.13],[66916.58,0.00168],[66916.08,0.00009],[66916,0.13],[66915.2,0.13],[66914.55,0.00721],[66914.4,0.13],[66913.6,0.13],[66913.56,0.00009],[66909.99,0.00012],[66909.18,0.18476],[66909.17,0.53796],[66907.17,0.081],[66906.5,0.88451],[66906.49,0.53796],[66906,0.00009]],"asks":[[66917.52,0.56957],[66918.98,0.00008],[66918.99,0.07177],[66919,0.0893],[66919.21,0.06157],[66919.5,0.0893],[66920.5,0.0893],[66921,0.0893],[66921.49,0.23978],[66921.5,0.0893],[66922,0.0893],[66922.5,0.0893],[66923.05,0.008],[66923.06,0.0209],[66923.07,0.36195],[66923.36,0.00012],[66923.64,0.00009],[66924.21,0.03023],[66924.22,0.081],[66926.16,0.00009]]}
{"type":"tick","time":1775237428998,"price":66917.52,"bids":[[66917.51,0.28238],[66917.5,0.0956],[66916.81,0.00008],[66916.8,0.13],[66916.58,0.00168],[66916.09,0.15743],[66916.08,0.00009],[66916,0.13],[66915.2,0.13],[66914.55,0.00721],[66914.4,0.13],[66913.6,0.13],[66913.56,0.00009],[66911.04,0.00009],[66909.99,0.00012],[66909.18,0.18476],[66909.17,0.53796],[66907.17,0.081],[66906.5,0.88451],[66906.49,0.53796]],"asks":[[66917.52,0.57216],[66918.98,0.00008],[66918.99,0.07177],[66919,0.0893],[66919.21,0.06157],[66919.5,0.0893],[66920.5,0.0893],[66921,0.0893],[66921.49,0.23978],[66921.5,0.0893],[66922,0.0893],[66922.5,0.0893],[66923.05,0.008],[66923.06,0.0209],[66923.07,0.36195],[66923.36,0.00012],[66923.64,0.00009],[66924.21,0.03023],[66924.22,0.081],[66926.16,0.00009]]}
{"type":"tick","time":1775237430263,"price":66918.98,"bids":[[66918.98,1.42411],[66918.41,0.15782],[66918.4,0.13],[66917.6,0.13],[66917.5,0.0956],[66917,0.0893],[66916.81,0.14578],[66916.8,0.13],[66916.58,0.00168],[66916.5,0.0893],[66916.08,0.00009],[66916,0.13],[66915.2,0.13],[66914.55,0.00721],[66913.56,0.00009],[66913.06,0.47029],[66913.05,0.06],[66911.85,0.53796],[66911.04,0.00009],[66910.87,0.98515]],"asks":[[66918.99,0.06816],[66920.49,0.00008],[66920.5,0.0893],[66920.73,0.02321],[66920.99,0.00008],[66921,0.0893],[66921.5,0.0893],[66922,0.0893],[66922.5,0.0893],[66923.06,0.00116],[66923.07,0.36195],[66923.36,0.00012],[66923.64,0.00009],[66924.21,0.03023],[66924.22,0.081],[66926.16,0.00009],[66926.61,0.00019],[66926.84,0.01998],[66927.41,0.00077],[66927.53,0.00022]]}
{"type":"tick","time":1775237431840,"price":66918.99,"bids":[[66918.98,0.98361],[66918.41,0.00008],[66918.4,0.13],[66917.6,0.13],[66917.5,0.0956],[66917,0.0893],[66916.81,0.14578],[66916.8,0.13],[66916.58,0.00168],[66916.5,0.0893],[66916.08,0.00009],[66916,0.13],[66915.2,0.13],[66914.55,0.00721],[66913.56,0.00009],[66913.06,0.47029],[66913.05,0.06],[66911.85,0.53796],[66911.04,0.00009],[66910.87,0.98515]],"asks":[[66918.99,0.20555],[66919.77,0.00008],[66919.78,0.02321],[66920.49,0.00008],[66920.5,0.0893],[66920.98,0.00008],[66920.99,0.21505],[66921,0.0893],[66921.5,0.0893],[66922,0.0893],[66922.5,0.0893],[66923.06,0.00116],[66923.07,0.36195],[66923.36,0.00012],[66923.64,0.00009],[66926.16,0.00009],[66926.61,0.00019],[66926.84,0.01998],[66927.41,0.00077],[66927.53,0.00022]]}
{"type":"tick","time":1775237432693,"price":66918.99,"bids":[[66918.98,0.98486],[66918.41,0.13288],[66918.4,0.13],[66917.6,0.13],[66917.5,0.0956],[66917,0.0893],[66916.81,0.14578],[66916.8,0.13],[66916.58,0.00168],[66916.5,0.0893],[66916.08,0.00009],[66916,0.13],[66915.2,0.13],[66914.55,0.00721],[66913.56,0.00009],[66913.06,0.47029],[66913.05,0.06],[66911.85,0.53796],[66911.04,0.00009],[66910.87,0.98515]],"asks":[[66918.99,0.14882],[66919.77,0.00008],[66919.78,0.02321],[66920.49,0.00008],[66920.5,0.0893],[66920.98,0.00008],[66920.99,0.21505],[66921,0.0893],[66921.5,0.0893],[66922,0.0893],[66922.5,0.0893],[66923.06,0.00116],[66923.07,0.36195],[66923.36,0.00012],[66923.64,0.00009],[66926.16,0.00009],[66926.61,0.00019],[66926.84,0.01998],[66927.41,0.00077],[66927.53,0.00022]]}
