{"type":"session","version":1,"recordedAt":"2026-04-03T16:39:10.662Z","symbol":"BTCUSDC","mode":"live","initialBalances":{"base":0.00031489,"quote":3.66985377},"trackedOpenPosition":{"entryPrice":66941.04437827086,"quantity":0.00013999999999999985},"exchangeRules":{"minNotional":5,"minQty":0,"stepSize":0}}
{"type":"tick","time":1775234359916,"price":66959.5,"bids":[[66959.49,0.39775],[66959.48,0.0043],[66957.04,0.02987],[66956,0.0728],[66955.4,0.85338],[66955.39,2.53124],[66955.07,0.02319],[66955,0.0728],[66954.89,0.01313],[66954.5,0.0728],[66954.16,0.04081],[66954,0.0728],[66953.88,0.00009],[66953.87,0.02534],[66953.01,0.08204],[66952.57,0.12925],[66951.36,0.00009],[66950.36,0.081],[66950.07,0.00012],[66949.53,0.0112]],"asks":[[66959.5,0.56856],[66959.8,0.08224],[66959.85,0.14376],[66959.86,0.04],[66961.91,0.02],[66961.97,0.02],[66963,0.0728],[66963.11,0.00152],[66963.67,0.04],[66964.13,0.11717],[66964.14,0.02833],[66964.21,0.29844],[66966.48,0.00009],[66966.88,0.10083],[66966.9,0.29844],[66968.17,0.05384],[66969,0.00009],[66970.12,0.00012],[66970.35,0.11329],[66970.36,0.29844]]}
{"type":"tick","time":1775234369348,"price":66959.49,"bids":[[66959.49,0.34017],[66959.48,0.00132],[66956.85,0.02987],[66956,0.0728],[66955.4,0.85338],[66955.39,2.53124],[66955.07,0.02319],[66955,0.0728],[66954.89,0.01313],[66954.5,0.0728],[66954.16,0.04081],[66954,0.0728],[66953.88,0.00009],[66953.87,0.02534],[66953.01,0.08204],[66952.57,0.12925],[66951.36,0.00009],[66950.36,0.081],[66950.07,0.00012],[66949.53,0.0112]],"asks":[[66959.5,0.45905],[66959.8,0.16149],[66959.85,0.14376],[66959.86,0.04],[66961.12,0.29844],[66961.91,0.02],[66961.97,0.02],[66963,0.0728],[66963.11,0.00152],[66963.67,0.04],[66964.13,0.11717],[66964.14,0.02833],[66964.21,0.29844],[66966.48,0.00009],[66966.88,0.10083],[66966.9,0.29844],[66968.17,0.05384],[66969,0.00009],[66970.12,0.00012],[66970.35,0.11329]]}
{"type":"tick","time":1775234374467,"price":66959.49,"bids":[[66959.49,0.339],[66959.48,0.02267],[66957.2,0.02987],[66956,0.0728],[66955.4,0.85338],[66955.39,2.53124],[66955,0.0728],[66954.89,0.01313],[66954.5,0.0728],[66954.16,0.04081],[66954,0.0728],[66953.88,0.00009],[66953.87,0.02534],[66953.6,0.02319],[66953.01,0.08204],[66952.57,0.12925],[66951.36,0.00009],[66950.36,0.081],[66950.07,0.00012],[66949.53,0.0112]],"asks":[[66959.5,0.28193],[66959.8,0.16408],[66959.85,0.14376],[66959.86,0.04],[66961.12,0.29844],[66961.91,0.02],[66961.97,0.02],[66963,0.0728],[66963.11,0.00152],[66963.67,0.04],[66964.13,0.11717],[66964.14,0.02833],[66964.21,0.29844],[66966.48,0.00009],[66966.88,0.10083],[66966.9,0.29844],[66968.17,0.05384],[66969,0.00009],[66970.12,0.00012],[66970.35,0.11329]]}
{"type":"tick","time":1775234386811,"price":66959.5,"bids":[[66959.49,0.32976],[66959.48,0.02549],[66958.13,0.02987],[66956,0.0728],[66955.4,0.85338],[66955.39,2.53124],[66955,0.0728],[66954.89,0.01313],[66954.5,0.0728],[66954.16,0.04081],[66954,0.0728],[66953.88,0.00009],[66953.87,0.02534],[66953.77,0.02318],[66953.01,0.08204],[66952.57,0.12925],[66951.36,0.00009],[66950.36,0.081],[66950.07,0.00012],[66949.53,0.0112]],"asks":[[66959.5,0.34982],[66959.8,0.16408],[66959.85,0.08698],[66959.86,0.04],[66961.12,0.29844],[66961.91,0.02],[66963,0.0728],[66963.11,0.00152],[66964.13,0.11717],[66964.14,0.02833],[66964.21,0.29844],[66966.48,0.00009],[66966.88,0.10083],[66966.9,0.29844],[66968.17,0.05384],[66969,0.00009],[66970.12,0.00012],[66970.35,0.11329],[66970.36,0.29844],[66970.75,0.01094]]}
{"type":"tick","time":1775234400826,"price":66959.49,"bids":[[66959.49,0.3136],[66959.48,0.02381],[66958.29,0.02987],[66956,0.0728],[66955.4,0.85338],[66955.39,2.53124],[66955,0.0728],[66954.89,0.01313],[66954.5,0.0728],[66954.16,0.04081],[66954,0.0728],[66953.88,0.00009],[66953.87,0.02534],[66953.4,0.02318],[66953.01,0.08204],[66952.57,0.12925],[66951.36,0.00009],[66950.36,0.081],[66950.07,0.00012],[66949.53,0.0112]],"asks":[[66959.5,0.58031],[66959.8,0.16408],[66959.85,0.08698],[66959.86,0.04],[66961.12,0.29844],[66961.91,0.02],[66963,0.0728],[66963.11,0.00152],[66964.13,0.11717],[66964.14,0.02833],[66964.21,0.29844],[66966.48,0.00009],[66966.88,0.10083],[66966.9,0.29844],[66968.17,0.05384],[66969,0.00009],[66970.12,0.00012],[66970.35,0.11329],[66970.36,0.29844],[66970.75,0.01094]]}
{"type":"tick","time":1775234403623,"price":66959.49,"bids":[[66959.49,0.31459],[66959.48,0.00132],[66959.47,0.001],[66958.29,0.02987],[66956,0.0728],[66955.4,0.85338],[66955.39,2.53124],[66955,0.0728],[66954.89,0.01313],[66954.5,0.0728],[66954.16,0.04081],[66954,0.0728],[66953.88,0.00009],[66953.87,0.02534],[66953.4,0.02318],[66953.01,0.08204],[66952.57,0.12925],[66951.36,0.00009],[66950.36,0.081],[66950.07,0.00012]],"asks":[[66959.5,0.35599],[66959.8,0.16408],[66959.85,0.08698],[66959.86,0.04],[66961.12,0.29844],[66961.91,0.02],[66963,0.0728],[66963.11,0.00152],[66964.13,0.11717],[66964.14,0.02833],[66964.21,0.29844],[66966.48,0.00009],[66966.88,0.10083],[66966.9,0.29844],[66968.17,0.05384],[66969,0.00009],[66970.12,0.00012],[66970.35,0.11329],[66970.36,0.29844],[66970.75,0.01094]]}
{"type":"tick","time":1775234408180,"price":66959.5,"bids":[[66959.49,0.41216],[66959.48,0.01638],[66959.47,0.02057],[66958.29,0.02987],[66956,0.0728],[66955.4,0.85338],[66955.39,2.53124],[66955,0.0728],[66954.89,0.01313],[66954.5,0.0728],[66954.45,0.02318],[66954.16,0.04081],[66954,0.0728],[66953.88,0.00009],[66953.87,0.02534],[66953.01,0.08204],[66952.57,0.12925],[66951.36,0.00009],[66950.36,0.081],[66950.07,0.00012]],"asks":[[66959.5,0.35623],[66959.8,0.12643],[66959.85,0.08698],[66959.86,0.04],[66961.91,0.02],[66962.57,0.22401],[66963,0.0728],[66963.11,0.00152],[66964.11,0.09757],[66964.12,0.29844],[66964.14,0.02833],[66966.48,0.00009],[66966.88,0.10083],[66966.9,0.29844],[66968.17,0.05384],[66969,0.00009],[66970.12,0.00012],[66970.35,0.11329],[66970.36,0.29844],[66970.75,0.01094]]}
{"type":"tick","time":1775234410897,"price":66959.5,"bids":[[66959.49,0.41216],[66959.48,0.01638],[66959.47,0.03778],[66958.29,0.02987],[66956,0.0728],[66955.4,0.85338],[66955.39,2.53124],[66955,0.0728],[66954.89,0.01313],[66954.5,0.0728],[66954.45,0.02318],[66954.16,0.04081],[66954,0.0728],[66953.88,0.00009],[66953.87,0.02534],[66953.01,0.08204],[66952.57,0.12925],[66951.36,0.00009],[66950.36,0.081],[66950.07,0.00012]],"asks":[[66959.5,0.36251],[66959.8,0.12643],[66959.85,0.08698],[66959.86,0.04],[66961.91,0.02],[66962.57,0.22401],[66963,0.0728],[66963.11,0.00152],[66964.11,0.09757],[66964.12,0.29844],[66964.14,0.02833],[66966.47,0.011],[66966.48,0.00009],[66966.88,0.10083],[66966.9,0.29844],[66968.17,0.05384],[66969,0.00009],[66970.12,0.00012],[66970.35,0.11329],[66970.36,0.29844]]}
{"type":"tick","time":1775234414575,"price":66959.49,"bids":[[66959.49,0.13776],[66959.47,0.0194],[66956.51,0.02987],[66956,0.0728],[66955.4,0.85338],[66955.39,2.53124],[66955,0.0728],[66954.89,0.01313],[66954.5,0.0728],[66954.16,0.04081],[66954,0.0728],[66953.88,0.00009],[66953.87,0.02534],[66953.01,0.08204],[66952.57,0.12925],[66951.36,0.00009],[66950.76,0.02318],[66950.36,0.081],[66950.07,0.00012],[66949.53,0.0112]],"asks":[[66959.5,0.64353],[66959.8,0.05084],[66959.85,0.08698],[66959.86,0.04],[66961.91,0.02],[66963,0.0728],[66963.11,0.00152],[66964.11,0.09757],[66964.12,0.29844],[66964.14,0.02833],[66966.48,0.00009],[66966.88,0.10083],[66966.9,0.29844],[66968.17,0.05384],[66969,0.00009],[66970.12,0.00012],[66970.35,0.11329],[66970.36,0.29844],[66970.75,0.01094],[66971.17,0.05974]]}
{"type":"tick","time":1775234415341,"price":66959.5,"bids":[[66959.49,0.02414],[66959.47,0.03665],[66956.51,0.02987],[66956,0.0728],[66955.4,0.85338],[66955.39,2.53124],[66955,0.0728],[66954.89,0.01313],[66954.5,0.0728],[66954.16,0.04081],[66954,0.0728],[66953.88,0.00009],[66953.87,0.02534],[66953.01,0.08204],[66952.57,0.12925],[66951.36,0.00009],[66950.76,0.02318],[66950.36,0.081],[66950.07,0.00012],[66949.53,0.0112]],"asks":[[66959.5,0.64353],[66959.8,0.05084],[66959.85,0.08698],[66959.86,0.04],[66961.91,0.02],[66963,0.0728],[66963.11,0.00152],[66964.11,0.09757],[66964.12,0.29844],[66964.14,0.02833],[66966.48,0.00009],[66966.88,0.10083],[66966.9,0.29844],[66968.17,0.05384],[66969,0.00009],[66970.12,0.00012],[66970.34,0.05974],[66970.35,0.11329],[66970.36,0.29844],[66970.75,0.01094]]}
{"type":"tick","time":1775234416318,"price":66959.49,"bids":[[66959.49,0.02357],[66959.47,0.03665],[66956.93,0.02987],[66956,0.0728],[66955.4,0.85338],[66955.39,2.53124],[66955,0.0728],[66954.89,0.01313],[66954.5,0.0728],[66954.16,0.04081],[66954,0.0728],[66953.88,0.00009],[66953.87,0.02534],[66953.01,0.08204],[66952.57,0.12925],[66951.36,0.00009],[66950.76,0.02318],[66950.36,0.081],[66950.07,0.00012],[66949.53,0.0112]],"asks":[[66959.5,0.64137],[66959.8,0.05084],[66959.85,0.08698],[66959.86,0.04],[66961.91,0.02],[66963,0.0728],[66963.11,0.00152],[66964.11,0.09757],[66964.12,0.29844],[66964.14,0.02833],[66966.48,0.00009],[66966.88,0.10083],[66966.9,0.29844],[66968.17,0.05384],[66969,0.00009],[66970.12,0.00012],[66970.34,0.05974],[66970.35,0.11329],[66970.36,0.29844],[66970.75,0.01094]]}
{"type":"tick","time":1775234417187,"price":66948.84,"bids":[[66948.84,0.19394],[66948.82,0.00036],[66947.17,0.45587],[66946.32,0.00009],[66944.64,0.02987],[66943.8,0.00009],[66943.39,0.00012],[66942.93,0.02889],[66942.14,0.081],[66941.28,0.00009],[66941.06,0.02318],[66939.74,0.04004],[66938.77,0.09498],[66938.76,0.00009],[66938.56,0.02],[66937.5,0.0112],[66936.71,0.00012],[66936.44,0.00589],[66936.24,0.00009],[66936.16,0.04]],"asks":[[66948.85,1.01183],[66949.7,0.04],[66950.07,0.05359],[66950.08,0.10672],[66952.5,0.0728],[66953.88,0.05801],[66953.89,0.21582],[66954,0.0728],[66954.16,0.008],[66954.51,0.29844],[66954.84,0.02],[66955.39,0.008],[66956.76,0.00012],[66956.93,0.09757],[66958.09,0.01094],[66959.17,0.29844],[66959.49,0.008],[66959.5,0.00645],[66959.79,0.01],[66959.8,0.03657]]}
{"type":"tick","time":1775234417754,"price":66947.17,"bids":[[66947.17,0.41756],[66946.32,0.00009],[66943.8,0.00009],[66943.39,0.00012],[66941.28,0.00009],[66939.74,0.04004],[66938.76,0.00009],[66937.5,0.0112],[66936.71,0.00012],[66936.63,0.02318],[66936.24,0.07416],[66934.82,0.2241],[66934.59,0.07317],[66934.58,0.09269],[66934.57,0.081],[66933.85,0.00531],[66933.72,0.00009],[66932.48,0.05316],[66932.46,0.00589],[66932.43,0.01492]],"asks":[[66947.18,1.67674],[66947.5,0.0728],[66948.03,0.02],[66948.39,0.06498],[66948.5,0.0728],[66949,0.0728],[66949.7,0.04],[66949.73,0.03209],[66949.99,0.04346],[66950,0.0728],[66952.5,0.0728],[66953.87,0.11804],[66953.88,0.081],[66954.16,0.008],[66954.51,0.29844],[66955.39,0.008],[66956.76,0.00012],[66956.93,0.44575],[66958.08,0.05976],[66958.09,0.01094]]}
{"type":"tick","time":1775234418908,"price":66947.17,"bids":[[66947.17,0.40161],[66947.15,0.00027],[66946.32,0.00009],[66943.8,0.00009],[66943.39,0.00012],[66941.38,0.0209],[66941.37,0.02987],[66941.28,0.00009],[66939.74,0.04004],[66938.76,0.00009],[66938.43,0.02318],[66937.5,0.0112],[66936.71,0.00012],[66936.24,0.07416],[66935.52,0.09268],[66935.51,0.2241],[66934.57,0.081],[66933.85,0.00531],[66933.72,0.00009],[66932.43,0.01492]],"asks":[[66947.18,1.67674],[66947.5,0.0728],[66948.03,0.02],[66948.39,0.06498],[66948.5,0.0728],[66949,0.0728],[66949.7,0.04],[66949.73,0.03209],[66949.99,0.04346],[66950,0.0728],[66952.49,0.012],[66952.5,0.0728],[66953.87,0.11804],[66953.88,0.081],[66954.16,0.008],[66954.51,0.29844],[66955.39,0.008],[66956.76,0.00012],[66956.93,0.44575],[66958.08,0.05976]]}
{"type":"tick","time":1775234421990,"price":66947.18,"bids":[[66947.17,0.39261],[66947.15,0.00027],[66946.32,0.00009],[66943.8,0.00009],[66943.39,0.00012],[66941.28,0.00009],[66939.32,0.02318],[66938.76,0.00009],[66937.5,0.0112],[66937.08,0.08934],[66937.07,0.08745],[66937.05,0.2241],[66936.71,0.00012],[66936.24,0.00009],[66934.58,0.02579],[66934.57,0.081],[66933.85,0.00531],[66933.72,0.00009],[66932.43,0.01492],[66932.24,0.10914]],"asks":[[66947.18,1.70917],[66947.5,0.0728],[66948.03,0.02],[66948.39,0.06498],[66948.5,0.0728],[66949,0.0728],[66949.7,0.04],[66949.73,0.03209],[66949.99,0.04346],[66950,0.0728],[66952.49,0.012],[66952.5,0.0728],[66953.87,0.11804],[66953.88,0.08109],[66954.16,0.008],[66954.51,0.29844],[66955.39,0.008],[66956.31,0.05343],[66956.76,0.00012],[66956.93,0.44575]]}
{"type":"tick","time":1775234422917,"price":66947.17,"bids":[[66947.17,0.39269],[66947.15,0.00027],[66946.32,0.00009],[66943.8,0.00009],[66943.39,0.00012],[66942.08,0.02987],[66941.28,0.00009],[66938.76,0.00009],[66938.17,0.02318],[66937.5,0.0112],[66936.71,0.00012],[66936.59,0.16539],[66936.58,0.2241],[66936.24,0.00009],[66934.57,0.081],[66933.85,0.00531],[66933.72,0.00009],[66932.43,0.01492],[66932.25,0.07945],[66932.24,0.10914]],"asks":[[66947.18,1.70891],[66947.5,0.0728],[66948.03,0.02],[66948.39,0.06498],[66948.5,0.0728],[66949,0.0728],[66949.7,0.04],[66949.73,0.03209],[66949.99,0.04346],[66950,0.0728],[66952.49,0.012],[66952.5,0.0728],[66953.87,0.11804],[66953.88,0.08109],[66954.16,0.008],[66954.51,0.29844],[66955.39,0.008],[66956.31,0.05343],[66956.4,0.00009],[66956.76,0.00012]]}
{"type":"tick","time":1775234427679,"price":66947.17,"bids":[[66947.17,0.39251],[66947.15,0.00024],[66946.32,0.00009],[66943.8,0.00009],[66943.39,0.00012],[66941.28,0.00009],[66940.43,0.02988],[66939.19,0.02318],[66938.76,0.00009],[66937.5,0.0112],[66936.71,0.00012],[66936.24,0.00009],[66935.14,0.09268],[66935.13,0.2241],[66934.57,0.081],[66933.85,0.00531],[66933.72,0.00009],[66932.44,0.10179],[66932.43,0.01492],[66932.24,0.10914]],"asks":[[66947.18,1.7115],[66947.5,0.0728],[66948.03,0.02],[66948.39,0.06498],[66948.5,0.0728],[66949,0.0728],[66949.7,0.04],[66949.73,0.03209],[66949.99,0.04346],[66950,0.0728],[66952.49,0.012],[66952.5,0.0728],[66953.87,0.11804],[66953.88,0.08109],[66954.16,0.008],[66954.51,0.29844],[66955.39,0.008],[66956.31,0.05343],[66956.4,0.00009],[66956.76,0.00012]]}
{"type":"tick","time":1775234428542,"price":66947.17,"bids":[[66947.17,0.27923],[66947.15,0.00024],[66946.32,0.00009],[66943.8,0.00009],[66943.39,0.00012],[66941.28,0.00009],[66940.71,0.02988],[66939.32,0.08197],[66939.31,0.07429],[66939.3,0.02318],[66938.76,0.00009],[66937.5,0.0112],[66936.71,0.00012],[66936.24,0.00009],[66936.03,0.2241],[66934.57,0.081],[66933.85,0.00531],[66933.72,0.00009],[66932.43,0.01492],[66932.24,0.10914]],"asks":[[66947.18,1.63206],[66947.5,0.0728],[66948.39,0.06498],[66948.5,0.0728],[66949,0.0728],[66949.7,0.04],[66949.73,0.03209],[66949.99,0.04346],[66950,0.0728],[66952.49,0.012],[66952.5,0.0728],[66953.87,0.11804],[66953.88,0.08109],[66954.16,0.008],[66954.51,0.29844],[66955.39,0.008],[66956.31,0.05343],[66956.4,0.00009],[66956.76,0.00012],[66956.93,0.44575]]}
{"type":"tick","time":1775234429271,"price":66947.17,"bids":[[66947.17,0.21851],[66947.15,0.00024],[66946.32,0.00009],[66943.8,0.00009],[66943.39,0.00012],[66941.28,0.00009],[66940.71,0.02988],[66939.45,0.08928],[66939.44,0.11099],[66939.3,0.02318],[66938.76,0.00009],[66936.71,0.00012],[66936.49,0.2241],[66936.24,0.00009],[66934.58,0.02889],[66934.57,0.081],[66933.85,0.00531],[66933.72,0.00009],[66933.32,0.0112],[66932.43,0.01492]],"asks":[[66947.18,1.63206],[66947.5,0.0728],[66948.39,0.06498],[66948.5,0.0728],[66949,0.0728],[66949.7,0.04],[66949.73,0.03209],[66949.99,0.04346],[66950,0.0728],[66952.49,0.012],[66952.5,0.0728],[66953.87,0.11804],[66953.88,0.08109],[66954,0.01094],[66954.16,0.008],[66954.51,0.29844],[66955.39,0.008],[66956.31,0.05343],[66956.4,0.00009],[66956.76,0.00012]]}
{"type":"tick","time":1775234430448,"price":66936.25,"bids":[[66936.24,0.56954],[66935.56,0.02318],[66933.85,0.00531],[66933.72,0.00009],[66932.43,0.01492],[66931.2,0.00009],[66930.67,0.01931],[66930.66,0.02],[66930.06,0.00012],[66930.03,0.00012],[66929.76,0.04],[66929.71,0.00445],[66929.1,0.03132],[66929.09,0.04],[66928.68,0.00009],[66928.23,0.04483],[66927.06,0.02],[66926.16,0.00009],[66925.91,0.05326],[66925.5,0.08518]],"asks":[[66936.25,0.28687],[66939.31,0.04018],[66942.04,0.06689],[66942.05,0.22408],[66943.38,0.01094],[66943.4,0.00012],[66943.79,0.29844],[66943.8,0.32662],[66943.81,1.26],[66946.01,0.081],[66946.73,0.02],[66947.14,0.26001],[66947.15,0.00603],[66947.16,0.08],[66947.17,0.38644],[66947.18,0.11227],[66947.5,0.08],[66948.39,0.08],[66948.58,0.01094],[66949.73,0.03209]]}
{"type":"tick","time":1775234431363,"price":66936.24,"bids":[[66936.24,0.58608],[66935.56,0.02318],[66933.85,0.00531],[66933.72,0.00009],[66932.43,0.01492],[66932.25,0.08623],[66932.24,0.22411],[66931.2,0.00009],[66930.66,0.02],[66930.06,0.00012],[66930.03,0.00012],[66929.76,0.04],[66929.71,0.00445],[66929.1,0.03132],[66929.09,0.04],[66928.68,0.00009],[66928.23,0.04483],[66927.06,0.02],[66926.16,0.00009],[66925.91,0.05326]],"asks":[[66936.25,0.28677],[66939.31,0.04018],[66942.04,0.06689],[66942.05,0.22408],[66943.4,0.00012],[66943.79,0.29844],[66943.8,0.32662],[66943.81,1.26],[66946.01,0.081],[66946.73,0.02],[66947.14,0.26001],[66947.15,0.00603],[66947.16,0.08],[66947.17,0.38644],[66947.18,0.11227],[66947.5,0.08],[66947.66,0.01094],[66948.39,0.08],[66948.58,0.01094],[66949.73,0.03209]]}
{"type":"tick","time":1775234432246,"price":66936.25,"bids":[[66936.24,0.58598],[66935.56,0.02318],[66933.85,0.00531],[66933.72,0.00009],[66932.43,0.01492],[66932.25,0.08623],[66932.24,0.22411],[66931.2,0.00009],[66930.66,0.02],[66930.06,0.00012],[66930.03,0.00012],[66929.76,0.04],[66929.1,0.03132],[66929.09,0.04],[66928.68,0.00009],[66928.23,0.04483],[66927.97,0.0112],[66927.56,0.00436],[66927.06,0.02],[66926.16,0.00009]],"asks":[[66936.25,0.28677],[66939.31,0.04018],[66942.04,0.06689],[66942.05,0.22408],[66943.4,0.00012],[66943.79,0.29844],[66943.8,0.32671],[66943.81,1.26],[66946.01,0.081],[66946.73,0.02],[66947.14,0.26001],[66947.15,0.00603],[66947.16,0.08],[66947.17,0.38644],[66947.18,0.11227],[66947.5,0.08],[66947.66,0.01094],[66948.39,0.08],[66948.58,0.01094],[66949.73,0.03209]]}
{"type":"tick","time":1775234433668,"price":66936.25,"bids":[[66936.24,0.58598],[66935.91,0.02318],[66933.85,0.00531],[66933.72,0.00009],[66932.43,0.01492],[66932.25,0.08623],[66932.24,0.22411],[66931.2,0.00009],[66930.66,0.02],[66930.06,0.00012],[66930.03,0.00012],[66929.76,0.04],[66929.1,0.03132],[66929.09,0.04],[66928.73,0.03213],[66928.68,0.00009],[66928.23,0.04483],[66927.97,0.0112],[66927.56,0.00407],[66927.06,0.02]],"asks":[[66936.25,0.2867],[66939.31,0.04018],[66941.45,0.03248],[66942.04,0.06689],[66942.05,0.22408],[66943.4,0.00012],[66943.79,0.29844],[66943.8,0.32671],[66943.81,1.26],[66946.01,0.081],[66946.32,0.00009],[66946.73,0.02],[66947.14,0.26001],[66947.15,0.00603],[66947.16,0.08],[66947.17,0.38644],[66947.18,0.08],[66947.5,0.08],[66948.39,0.08],[66950.08,0.00012]]}
{"type":"tick","time":1775234443084,"price":66933.86,"bids":[[66933.85,0.46172],[66933.78,0.01931],[66933.77,0.02988],[66933.72,0.00009],[66933.18,0.0112],[66932.58,0.02318],[66931.2,0.00009],[66930.06,0.00012],[66930.03,0.00012],[66928.68,0.00009],[66928.55,0.04],[66928.2,0.22413],[66927.97,0.0112],[66927.79,0.43011],[66926.54,0.98515],[66926.53,0.29844],[66926.16,0.00009],[66925.49,0.00373],[66925.23,0.03706],[66924.22,0.04]],"asks":[[66933.86,0.27632],[66934.99,0.06519],[66935,0.0728],[66935.35,0.02],[66935.5,0.0728],[66935.65,0.04],[66936,0.0728],[66936.49,0.08783],[66936.5,0.0728],[66937,0.0728],[66937.45,0.03306],[66937.5,0.0728],[66939.31,0.04018],[66939.75,0.01569],[66939.76,0.02],[66941.28,0.00009],[66941.45,0.03248],[66943.4,0.00012],[66943.78,0.13116],[66943.79,0.29844]]}
{"type":"tick","time":1775234444071,"price":66946.01,"bids":[[66946,0.43729],[66943.96,0.02318],[66942.1,0.0112],[66941.57,0.14596],[66941.56,0.17735],[66941.55,0.09514],[66941.27,0.09032],[66939.97,0.04063],[66939.75,0.18068],[66938.57,0.01532],[66938.56,0.0112],[66936.86,0.04],[66936.71,0.00012],[66936.24,0.00009],[66935.34,0.08505],[66933.87,0.12658],[66933.86,0.30644],[66933.85,0.08631],[66933.76,0.02],[66933.72,0.00009]],"asks":[[66946.01,0.2334],[66946.32,0.00009],[66948.84,0.00009],[66948.88,0.08524],[66948.89,0.22406],[66949.31,0.012],[66950.08,0.00012],[66950.63,0.03353],[66950.64,0.05224],[66951.36,0.00009],[66952.77,0.06],[66953.57,0.1157],[66953.58,0.29844],[66953.88,0.08109],[66954.16,0.008],[66956.4,0.00009],[66956.76,0.00012],[66956.93,0.1077],[66958.56,0.29844],[66958.57,0.16652]]}
{"type":"tick","time":1775234445854,"price":66946.01,"bids":[[66946,0.03832],[66941.57,0.1582],[66941.56,0.1232],[66941.55,0.09514],[66941.27,0.09032],[66940.68,0.0232],[66939.97,0.04063],[66939.75,0.18068],[66938.76,0.00009],[66938.57,0.08025],[66938.56,0.0112],[66937.9,0.0112],[66936.86,0.04],[66936.71,0.00012],[66936.6,0.2241],[66936.24,0.00009],[66935.35,0.05954],[66935.34,0.08505],[66933.86,0.008],[66933.85,0.08631]],"asks":[[66946.01,0.34505],[66946.32,0.00009],[66948.51,0.08524],[66948.52,0.22406],[66948.84,0.00009],[66948.86,0.012],[66950.08,0.00012],[66950.61,0.10702],[66950.62,0.29844],[66951.24,0.05267],[66951.36,0.00009],[66952.77,0.06],[66953.57,0.1157],[66953.58,0.29844],[66953.88,0.08109],[66954.16,0.008],[66956.4,0.00009],[66956.76,0.00012],[66956.93,0.41478],[66958.55,0.98515]]}
{"type":"tick","time":1775234446576,"price":66946,"bids":[[66946,0.0388],[66941.6,0.02987],[66941.57,0.16512],[66941.56,0.1232],[66941.55,0.09514],[66941.27,0.09032],[66940.68,0.0232],[66939.97,0.04063],[66939.75,0.18068],[66938.76,0.00009],[66938.57,0.01532],[66938.56,0.0112],[66937.9,0.0112],[66936.86,0.04],[66936.71,0.00012],[66936.24,0.00009],[66935.35,0.05954],[66935.34,0.08505],[66933.86,0.008],[66933.85,0.08631]],"asks":[[66946.01,0.77526],[66946.32,0.00009],[66947.5,0.0728],[66948.51,0.08524],[66948.84,0.00009],[66950.08,0.00012],[66950.61,0.10702],[66950.62,0.29844],[66951.24,0.05267],[66951.36,0.00009],[66952.77,0.06],[66953.57,0.1157],[66953.58,0.29844],[66953.88,0.08109],[66954.16,0.008],[66956.4,0.00009],[66956.76,0.00012],[66956.93,0.41478],[66958.55,0.98515],[66958.56,0.29844]]}
{"type":"tick","time":1775234447237,"price":66941.55,"bids":[[66941.55,0.09546],[66941.27,0.09032],[66939.97,0.04063],[66939.75,0.18068],[66938.76,0.00009],[66938.61,0.02988],[66936.71,0.00012],[66936.24,0.00009],[66935.92,0.0232],[66935.35,0.12837],[66935.34,0.08505],[66933.85,0.08631],[66933.72,0.00009],[66933.01,0.22411],[66931.8,0.01492],[66931.31,0.0112],[66931.2,0.00009],[66930.66,0.02],[66930.06,0.00012],[66930.03,0.00012]],"asks":[[66941.56,0.87266],[66945,0.0728],[66945.99,0.24127],[66946,0.29844],[66946.01,0.37474],[66946.32,0.00009],[66946.5,0.0728],[66948.5,0.013],[66948.84,0.00009],[66950.08,0.00012],[66950.61,0.10702],[66950.62,0.29844],[66951.24,0.05267],[66951.36,0.00009],[66952.23,0.01094],[66953.57,0.1157],[66953.58,0.29844],[66953.88,0.08109],[66954.16,0.008],[66956.4,0.00009]]}
{"type":"tick","time":1775234448114,"price":66941.55,"bids":[[66941.55,0.21864],[66941.27,0.09032],[66939.97,0.04063],[66939.75,0.18068],[66938.76,0.00009],[66938.62,0.01494],[66938.61,0.02988],[66936.81,0.0232],[66936.71,0.00012],[66936.24,0.00009],[66935.35,0.12837],[66935.34,0.08505],[66933.85,0.08631],[66933.72,0.00009],[66933.01,0.22411],[66931.8,0.01492],[66931.31,0.0112],[66931.2,0.00009],[66930.66,0.02],[66930.06,0.00012]],"asks":[[66941.56,0.87035],[66945,0.0728],[66945.99,0.18761],[66946,0.29844],[66946.01,0.37215],[66946.32,0.00009],[66946.49,0.02564],[66946.5,0.0728],[66948.5,0.013],[66948.84,0.00009],[66950.08,0.00012],[66950.61,0.10702],[66950.62,0.29844],[66951.24,0.05267],[66951.36,0.00009],[66952.23,0.01094],[66953.57,0.17852],[66953.58,0.29844],[66953.88,0.08109],[66954.16,0.008]]}
{"type":"tick","time":1775234453108,"price":66941.56,"bids":[[66941.55,0.66233],[66941.28,0.09302],[66941.27,0.09032],[66939.97,0.04063],[66939.75,0.18068],[66938.76,0.00009],[66936.71,0.00012],[66936.24,0.00009],[66935.35,0.06909],[66935.34,0.08505],[66935.16,0.06],[66933.85,0.08631],[66933.72,0.00009],[66931.95,0.39105],[66931.94,0.98515],[66931.8,0.01492],[66931.31,0.0112],[66931.2,0.00009],[66930.06,0.00012],[66930.03,0.00012]],"asks":[[66941.56,0.10958],[66944.99,0.02022],[66945,0.0728],[66946.01,0.03215],[66946.32,0.00009],[66946.49,0.11312],[66946.5,0.0728],[66947.19,0.22406],[66947.96,0.013],[66947.97,0.02],[66948.67,0.06],[66948.84,0.00009],[66950.08,0.00012],[66950.58,0.10803],[66950.59,0.29844],[66951.36,0.00009],[66951.38,0.05245],[66952.23,0.01094],[66953.56,0.19331],[66953.57,0.29844]]}
{"type":"tick","time":1775234455410,"price":66941.56,"bids":[[66941.55,0.66233],[66941.53,0.0165],[66941.5,0.0728],[66941.28,0.09302],[66941.27,0.09032],[66941,0.0728],[66939.97,0.04063],[66939.75,0.18068],[66938.76,0.00009],[66936.71,0.00012],[66936.24,0.00009],[66935.35,0.06909],[66935.34,0.08505],[66935.16,0.06],[66933.85,0.08631],[66933.72,0.00009],[66931.95,0.39105],[66931.94,0.98515],[66931.8,0.01492],[66931.31,0.0112]],"asks":[[66941.56,0.02627],[66944.99,0.02022],[66945,0.0728],[66946.01,0.03215],[66946.32,0.00009],[66946.44,0.18919],[66946.5,0.0728],[66947.96,0.013],[66947.97,0.02],[66948.27,0.22406],[66948.67,0.06],[66948.84,0.00009],[66950.08,0.00012],[66950.58,0.10803],[66951.36,0.00009],[66951.38,0.05245],[66952.23,0.01094],[66953.56,0.19331],[66953.88,0.08109],[66954.16,0.008]]}
{"type":"tick","time":1775234456155,"price":66956.4,"bids":[[66956.39,1.49037],[66952.5,0.0728],[66952,0.0728],[66951.51,0.15079],[66951.5,0.0728],[66951.39,0.08],[66951.38,0.008],[66951.35,0.08994],[66951,0.1528],[66950.58,0.088],[66949.86,0.06],[66949.04,0.08],[66948.86,0.4567],[66948.85,0.29844],[66946.92,0.98515],[66946.87,0.0112],[66946.01,0.1213],[66945.93,0.01492],[66944.44,0.29844],[66943.66,0.00241]],"asks":[[66956.4,0.02361],[66958.92,0.00009],[66959.5,0.00645],[66961.31,0.02],[66961.44,0.00009],[66962.09,0.02418],[66962.1,0.081],[66963.3,0.07133],[66963.31,0.06],[66963.96,0.00009],[66964.68,0.18649],[66966.48,0.00009],[66966.87,0.18178],[66967.85,0.01094],[66969,0.00009],[66969.53,0.012],[66969.82,0.29844],[66970.12,0.00012],[66971.52,0.11026],[66971.53,0.081]]}
{"type":"tick","time":1775234458019,"price":66958.92,"bids":[[66958.91,1.14623],[66958.9,0.04165],[66958.89,0.0165],[66957.5,0.0728],[66956.87,0.06],[66956.39,0.04126],[66951.51,0.13444],[66951.39,0.08],[66951.38,0.008],[66951.35,0.08994],[66951,0.08],[66950.58,0.088],[66950.07,0.00012],[66949.04,0.08],[66948.86,0.4567],[66948.85,0.29844],[66946.92,0.98515],[66946.87,0.0112],[66946.32,0.00009],[66946.01,0.1213]],"asks":[[66958.92,0.02353],[66959.5,0.00645],[66961.44,0.00009],[66962.25,0.01495],[66962.26,0.03009],[66962.31,0.02],[66963.96,0.00009],[66965.8,0.05934],[66965.83,0.17623],[66966.48,0.00009],[66966.85,0.29844],[66966.86,0.12671],[66967.85,0.01094],[66969,0.00009],[66969.53,0.012],[66969.82,0.29844],[66969.91,0.06],[66970.12,0.00012],[66970.53,0.01094],[66970.77,0.02353]]}
{"type":"tick","time":1775234458960,"price":66958.92,"bids":[[66958.91,1.01717],[66958.9,0.04165],[66958.89,0.0165],[66957.5,0.0728],[66956.87,0.06],[66956.39,0.04126],[66951.51,0.13444],[66951.39,0.08],[66951.38,0.008],[66951.35,0.08994],[66951,0.08],[66950.58,0.088],[66950.07,0.00012],[66949.04,0.08],[66948.86,0.4567],[66948.85,0.29844],[66948.1,0.02997],[66946.92,0.98515],[66946.87,0.0112],[66946.32,0.00009]],"asks":[[66958.92,0.10443],[66959.5,0.00645],[66961.44,0.00009],[66962.25,0.01495],[66962.26,0.03009],[66962.31,0.02],[66963.96,0.00009],[66964.47,0.0556],[66964.48,0.18617],[66966.48,0.00009],[66966.85,0.29844],[66966.86,0.12671],[66967.85,0.01094],[66969,0.00009],[66969.53,0.012],[66969.82,0.29844],[66969.91,0.06],[66970.12,0.00012],[66970.53,0.01094],[66970.77,0.02353]]}
{"type":"tick","time":1775234460698,"price":66958.92,"bids":[[66958.91,1.01707],[66958.9,0.04165],[66958.89,0.0165],[66957.5,0.0728],[66956.87,0.06],[66956.39,0.04126],[66951.51,0.13444],[66951.39,0.08],[66951.38,0.008],[66951.36,0.00009],[66951.35,0.08994],[66951,0.08],[66950.58,0.088],[66950.07,0.00012],[66949.04,0.08],[66948.86,0.4567],[66948.85,0.29844],[66948.1,0.02997],[66946.92,0.98515],[66946.87,0.0112]],"asks":[[66958.92,0.02336],[66959.5,0.00645],[66961.44,0.00009],[66962.31,0.02],[66962.52,0.03003],[66963.96,0.00009],[66964.47,0.0556],[66965.42,0.17433],[66966.48,0.00009],[66966.84,0.20785],[66966.85,0.29844],[66967.85,0.01094],[66969,0.00009],[66969.53,0.012],[66969.82,0.29844],[66969.91,0.06],[66970.12,0.00012],[66970.53,0.01094],[66970.77,0.02353],[66971.52,0.11026]]}
{"type":"tick","time":1775234461594,"price":66958.91,"bids":[[66958.91,1.01707],[66958.9,0.04165],[66958.89,0.0165],[66957.5,0.0728],[66956.87,0.06],[66956.39,0.04126],[66951.51,0.13444],[66951.39,0.08],[66951.38,0.008],[66951.36,0.00009],[66951.35,0.08994],[66951,0.08],[66950.58,0.088],[66950.07,0.00012],[66949.04,0.08],[66948.86,0.4567],[66948.85,0.29844],[66948.84,0.00009],[66948.1,0.02997],[66946.92,0.98515]],"asks":[[66958.92,0.04564],[66959.5,0.00645],[66961.44,0.00009],[66962.31,0.02],[66962.52,0.03003],[66963.96,0.00009],[66964.47,0.0556],[66965.42,0.17433],[66966.48,0.00009],[66966.84,0.20785],[66966.85,0.29844],[66967.85,0.01094],[66969,0.00009],[66969.53,0.012],[66969.82,0.29844],[66969.91,0.06],[66970.12,0.00012],[66970.53,0.01094],[66970.77,0.02353],[66971.52,0.11026]]}
{"type":"tick","time":1775234465859,"price":66958.92,"bids":[[66958.91,0.67364],[66958.89,0.0153],[66958.21,0.02987],[66957.52,0.04545],[66957.5,0.0728],[66956.87,0.06],[66956.62,0.0232],[66956.39,0.04126],[66951.51,0.10828],[66951.39,0.08],[66951.38,0.008],[66951.36,0.00009],[66951.35,0.08],[66951,0.08],[66950.58,0.088],[66950.07,0.00012],[66949.04,0.08],[66948.86,0.4567],[66948.85,0.29844],[66948.84,0.00009]],"asks":[[66958.92,0.10434],[66959.5,0.00645],[66961.44,0.00009],[66962.31,0.02],[66962.52,0.03003],[66963.96,0.00009],[66963.99,0.04769],[66964,0.17385],[66966.48,0.00009],[66966.84,0.20785],[66966.85,0.29844],[66967.85,0.01094],[66969,0.00009],[66969.53,0.012],[66969.82,0.29844],[66969.91,0.06],[66970.12,0.00012],[66970.53,0.01094],[66970.77,0.02353],[66971.52,0.11026]]}
{"type":"tick","time":1775234467080,"price":66958.92,"bids":[[66958.91,0.67364],[66958.89,0.0153],[66957.52,0.93235],[66957.5,0.0728],[66957.24,2.98691],[66956.87,0.06],[66956.62,0.0232],[66956.39,0.04126],[66951.51,0.10828],[66951.39,0.08],[66951.38,0.008],[66951.36,0.00009],[66951.35,0.08],[66951,0.08],[66950.58,0.088],[66950.07,0.00012],[66949.04,0.08],[66948.86,0.4567],[66948.85,0.29844],[66948.84,0.00009]],"asks":[[66958.92,0.04497],[66959.5,0.00645],[66961.44,0.00009],[66962.31,0.02],[66962.52,0.03003],[66963.96,0.00009],[66963.99,0.04769],[66964,0.17385],[66966.48,0.00009],[66966.84,0.09596],[66967.85,0.01094],[66969,0.00009],[66969.53,0.012],[66969.82,0.29844],[66969.91,0.06],[66970.12,0.00012],[66970.53,0.01094],[66970.77,0.02353],[66971.52,0.11026],[66971.53,0.081]]}
{"type":"tick","time":1775234467890,"price":66965.87,"bids":[[66965.86,1.37247],[66965.84,0.0143],[66964.51,0.05039],[66964.5,0.0728],[66964.47,0.0232],[66964,0.0728],[66963.5,0.0728],[66963.01,0.08692],[66963,0.0728],[66962.5,0.0728],[66961,0.0728],[66960.5,0.0728],[66959.52,0.46778],[66959.51,0.98515],[66959.5,0.008],[66959.49,0.081],[66957.25,0.29844],[66956.87,0.06],[66956.81,0.01119],[66956.75,0.00012]],"asks":[[66965.87,0.02352],[66966.06,0.03018],[66966.48,0.00009],[66968.21,0.02],[66969,0.00009],[66970.12,0.00012],[66970.87,0.05013],[66970.88,0.16793],[66971.52,0.00009],[66974.04,0.00009],[66974.32,0.06],[66974.39,0.08471],[66974.91,0.04],[66975.49,0.03018],[66975.73,0.29844],[66976.56,0.00009],[66976.77,0.05636],[66976.8,0.00012],[66977.88,0.05163],[66978.11,0.01094]]}
{"type":"tick","time":1775234468895,"price":66969.65,"bids":[[66969.64,1.24902],[66969.62,0.001],[66967.9,0.02986],[66966.06,1.00204],[66966,0.0728],[66965.9,0.0232],[66965.87,0.1232],[66965.86,0.13646],[66965,0.0728],[66964.5,0.0728],[66964.19,2.9866],[66959.52,0.46778],[66959.51,0.98515],[66959.5,0.008],[66959.49,0.081],[66957.7,0.03035],[66957.25,0.29844],[66956.87,0.06],[66956.81,0.01119],[66956.75,0.00012]],"asks":[[66969.65,0.21073],[66970.12,0.00012],[66971.52,0.00009],[66973.16,0.04816],[66973.17,0.16133],[66974.02,0.01555],[66974.03,0.012],[66974.04,0.00009],[66974.91,0.04],[66976.56,0.00009],[66976.77,0.13477],[66976.8,0.00012],[66977.52,0.06],[66977.86,0.29844],[66978.11,0.01094],[66978.23,0.081],[66979.08,0.00009],[66981.57,0.0526],[66981.6,0.00009],[66981.72,0.08908]]}
{"type":"tick","time":1775234470080,"price":66969.64,"bids":[[66969.64,1.24902],[66969.63,0.02041],[66969.62,0.0153],[66967.97,0.02986],[66967.46,0.0232],[66966.06,1.00204],[66966,0.0728],[66965.87,0.1232],[66965.86,0.13646],[66965,0.0728],[66964.5,0.0728],[66964.19,2.9866],[66959.52,0.46778],[66959.51,0.98515],[66959.5,0.008],[66959.49,0.081],[66957.7,0.03035],[66957.25,0.29844],[66956.87,0.06],[66956.81,0.01119]],"asks":[[66969.65,0.12987],[66970.12,0.00012],[66971.52,0.00009],[66973.16,0.04816],[66973.17,0.16133],[66974.01,0.011],[66974.02,0.01555],[66974.04,0.00009],[66974.91,0.04],[66976.56,0.00009],[66976.77,0.13477],[66976.8,0.00012],[66977.52,0.06],[66977.86,0.29844],[66978.11,0.01094],[66978.23,0.081],[66979.08,0.00009],[66981.57,0.0526],[66981.6,0.00009],[66981.72,0.08908]]}
{"type":"tick","time":1775234481854,"price":66969.65,"bids":[[66969.64,1.30207],[66969.62,0.0153],[66969.51,0.04346],[66969.5,0.0728],[66968.5,0.0728],[66966.07,0.98515],[66966.06,1.00204],[66966,0.0728],[66965.86,0.13646],[66965,0.0728],[66964.57,0.06],[66964.5,0.0728],[66964.2,0.29844],[66964.19,2.9866],[66963.96,0.00009],[66961.44,0.00009],[66960.01,0.08908],[66960,0.29844],[66959.52,0.46778],[66959.51,0.98515]],"asks":[[66969.65,0.02344],[66971.33,0.02996],[66971.52,0.00009],[66973.97,0.011],[66974.04,0.00009],[66974.64,0.01631],[66974.65,0.02],[66974.91,0.04],[66976.56,0.00009],[66976.77,0.02014],[66976.8,0.00012],[66978.11,0.01094],[66978.23,0.081],[66979.08,0.00009],[66979.82,0.02],[66979.92,0.04],[66980.13,0.16318],[66981.13,0.0236],[66981.6,0.00009],[66981.72,0.13193]]}
{"type":"tick","time":1775234482655,"price":66976.55,"bids":[[66976.55,0.71646],[66976.5,0.0728],[66976,0.0728],[66975.5,0.0728],[66974.91,0.24147],[66974.9,0.13329],[66974.5,0.0728],[66973.97,0.29844],[66973.96,0.17745],[66973.5,0.0728],[66973,0.0728],[66972.5,0.0728],[66971.55,0.40212],[66971.54,0.98515],[66971.51,0.0932],[66971.5,0.0728],[66969.66,0.12575],[66969.65,0.30644],[66966.48,0.00009],[66966.07,0.98515]],"asks":[[66976.56,0.02352],[66979.08,0.00009],[66979.82,0.02],[66979.92,0.04],[66981.6,0.00009],[66984.12,0.00009],[66985.74,0.09695],[66985.75,0.07861],[66985.76,0.07799],[66985.77,0.14709],[66986.64,0.00009],[66986.65,0.01094],[66986.86,0.02],[66988.2,0.10941],[66989.16,0.00009],[66989.84,0.29844],[66989.86,0.081],[66990.16,0.00012],[66991.68,0.00009],[66991.73,0.011]]}
{"type":"tick","time":1775234483589,"price":66976.56,"bids":[[66976.55,0.71862],[66976.53,0.01531],[66976.5,0.0728],[66976,0.0728],[66975.5,0.0728],[66974.91,1.08579],[66974.9,0.13329],[66974.88,2.98612],[66974.5,0.0728],[66973.97,0.29844],[66973.96,0.17745],[66973.68,0.06],[66973.5,0.0728],[66973,0.0728],[66972.5,0.0728],[66971.55,0.40212],[66971.54,0.98515],[66971.51,0.0932],[66971.5,0.0728],[66969.66,0.1014]],"asks":[[66976.56,0.02328],[66979.08,0.00009],[66981.6,0.00009],[66982.24,0.03118],[66983.42,0.06],[66984.12,0.00009],[66985.13,0.0472],[66985.14,0.14893],[66986.64,0.00009],[66986.65,0.01094],[66986.86,0.02],[66988.2,0.10941],[66989.16,0.00009],[66989.84,0.29844],[66989.86,0.081],[66990.16,0.00012],[66990.39,0.1618],[66990.4,0.13],[66991.2,0.13],[66991.68,0.00009]]}
{"type":"tick","time":1775234484098,"price":66988.2,"bids":[[66988.19,0.5983],[66986.55,0.04204],[66984.52,0.09525],[66984.5,0.0728],[66984.12,0.1232],[66984.11,0.1232],[66983.5,0.0728],[66983.01,0.02507],[66983,0.0728],[66981.78,0.06],[66980.25,0.01119],[66978.67,0.72626],[66978.66,0.98515],[66976.79,0.00012],[66976.56,0.13525],[66976.55,0.161],[66976.53,0.08],[66976.5,0.08],[66976,0.08],[66975.23,0.01493]],"asks":[[66988.2,0.15512],[66989.16,0.03092],[66991.68,0.00009],[66992.2,0.02],[66993.33,0.06946],[66993.34,0.12322],[66993.6,0.04],[66994.2,0.00009],[66994.9,0.081],[66996.72,0.00009],[66996.84,0.00012],[66996.89,0.00012],[66998.77,0.16214],[66998.78,0.09722],[66998.8,0.29844],[66998.81,0.02],[67001.69,0.00546],[67001.76,0.00009],[67001.81,0.02418],[67001.82,0.081]]}
{"type":"tick","time":1775234485342,"price":66991.68,"bids":[[66991.67,0.62822],[66991.65,0.01531],[66990.01,0.91011],[66990,3.05825],[66989.55,0.0232],[66989.51,0.1212],[66989.5,0.0728],[66989,0.0728],[66988.5,0.0728],[66988.2,0.04204],[66988,0.0728],[66987,0.0728],[66984.59,0.01119],[66983.47,0.00012],[66983.01,0.10716],[66981.78,0.06],[66981.41,0.29853],[66980.25,0.01119],[66978.67,0.72617],[66978.66,0.98515]],"asks":[[66991.68,0.29768],[66994.2,0.00009],[66994.57,0.05153],[66994.58,0.11262],[66995.7,0.06],[66996.72,0.00009],[66996.84,0.00012],[66996.89,0.00012],[66998.81,0.02],[67001.59,0.06827],[67001.6,0.13761],[67001.7,0.01],[67001.76,0.00009],[67001.82,0.081],[67003.52,0.00012],[67004.19,0.11442],[67004.21,0.29844],[67005.6,0.13],[67006.04,0.00546],[67006.4,0.13]]}
{"type":"tick","time":1775234486389,"price":66991.67,"bids":[[66991.67,0.61111],[66991.65,0.01531],[66990.5,0.0728],[66990.01,0.91011],[66990,3.05825],[66989.51,0.1212],[66989.5,0.0728],[66989,0.0728],[66988.5,0.0728],[66988.2,0.04204],[66988,0.0728],[66987,0.0728],[66984.59,0.01119],[66984.12,0.00009],[66983.47,0.00012],[66983.01,0.10716],[66981.78,0.06],[66981.41,0.29853],[66980.25,0.01119],[66978.67,0.72617]],"asks":[[66991.68,0.05221],[66994.2,0.00009],[66995.69,0.01727],[66995.7,0.06],[66996.72,0.00009],[66996.84,0.00012],[66996.89,0.00012],[66997.34,0.0343],[66997.35,0.1149],[66999.24,0.00009],[67001.55,0.05599],[67001.56,0.08647],[67001.76,0.00009],[67001.82,0.081],[67003.01,0.02],[67003.52,0.00012],[67004.16,0.01],[67004.17,0.16832],[67004.18,0.29844],[67005.6,0.13]]}
{"type":"tick","time":1775234496429,"price":66991.67,"bids":[[66991.67,0.52726],[66991.65,0.01531],[66990.58,0.02985],[66990.5,0.0728],[66990.11,0.01119],[66990.01,0.91011],[66990,3.05825],[66989.54,0.0232],[66989.51,0.1212],[66989.5,0.0728],[66989,0.0728],[66988.5,0.0728],[66988.2,0.04204],[66988,0.0728],[66987,0.0728],[66984.59,0.01119],[66984.12,0.00009],[66983.47,0.00012],[66983.02,0.05145],[66983.01,0.10716]],"asks":[[66991.68,0.24502],[66994.2,0.00009],[66994.64,0.05966],[66994.65,0.0309],[66995.69,0.11637],[66995.7,0.06],[66996.72,0.00009],[66996.84,0.00012],[66996.89,0.00012],[66999.24,0.00009],[67001.55,0.05599],[67001.56,0.08647],[67001.76,0.00009],[67001.82,0.081],[67003.01,0.02],[67003.52,0.00012],[67004.15,0.07506],[67004.16,0.01],[67004.17,0.16832],[67004.18,0.29844]]}
{"type":"tick","time":1775234497132,"price":66991.68,"bids":[[66991.67,0.51517],[66991.65,0.01531],[66990.58,0.02985],[66990.5,0.0728],[66990.11,0.01119],[66990.01,0.91011],[66990,3.05825],[66989.54,0.0232],[66989.51,0.1212],[66989.5,0.0728],[66989,0.0728],[66988.5,0.0728],[66988.2,0.04204],[66988,0.0728],[66987,0.0728],[66984.59,0.01119],[66984.12,0.00009],[66983.47,0.00012],[66983.02,0.05145],[66983.01,0.10716]],"asks":[[66991.68,0.24502],[66994.2,0.00009],[66994.64,0.05966],[66994.65,0.0309],[66995.69,0.11637],[66995.7,0.06],[66996.72,0.00009],[66996.84,0.00012],[66996.89,0.00012],[66999.24,0.00009],[67001.55,0.05599],[67001.56,0.08647],[67001.76,0.00009],[67001.82,0.081],[67003.01,0.02],[67003.52,0.00012],[67004.15,0.07506],[67004.16,0.01],[67004.17,0.16832],[67004.18,0.29844]]}
{"type":"tick","time":1775234498612,"price":66991.67,"bids":[[66991.67,0.00064],[66991.65,0.01531],[66990.11,0.01119],[66990,2.98545],[66989.5,0.0728],[66989,0.0728],[66988.5,0.0728],[66988.2,0.04204],[66988,0.0728],[66987,0.0728],[66986.37,0.0232],[66984.97,0.081],[66984.59,0.01119],[66984.12,0.00009],[66983.47,0.00012],[66983.01,0.10716],[66982.65,0.05351],[66981.6,0.00009],[66979.8,0.00014],[66979.48,0.00268]],"asks":[[66991.68,0.53945],[66992.5,0.0728],[66993,0.0728],[66994.2,0.00009],[66994.64,0.05966],[66994.65,0.0309],[66995.68,0.07953],[66996.72,0.00009],[66996.84,0.00012],[66996.89,0.00012],[66999.24,0.07327],[67001.43,0.29844],[67001.55,0.05599],[67001.56,0.08647],[67001.76,0.00009],[67001.82,0.081],[67003,0.05971],[67003.01,0.02],[67003.52,0.00012],[67004.15,0.07506]]}
{"type":"tick","time":1775234501360,"price":66991.65,"bids":[[66991.65,0.21743],[66991.63,0.01093],[66990.11,0.01119],[66990,2.98545],[66989.5,0.0728],[66989.01,0.09947],[66989,0.0728],[66988.5,0.0728],[66988.2,0.04204],[66988,0.0728],[66987.37,0.02985],[66987,0.0728],[66985.64,0.0232],[66984.98,0.02758],[66984.97,0.081],[66984.59,0.01119],[66984.12,0.00009],[66983.47,0.00012],[66981.6,0.00009],[66981.33,0.01545]],"asks":[[66991.66,0.74009],[66991.67,0.09653],[66991.68,0.0232],[66991.83,0.04],[66992.5,0.0728],[66993,0.0728],[66994.2,0.00009],[66994.65,0.0309],[66995.17,0.04],[66996.72,0.00009],[66996.84,0.00012],[66996.89,0.00012],[66999.24,0.00009],[67001.42,0.13708],[67001.43,0.29844],[67001.76,0.00009],[67001.82,0.081],[67003.01,0.02],[67003.52,0.00012],[67004.16,0.01]]}
{"type":"tick","time":1775234504743,"price":66990.11,"bids":[[66990.11,0.10019],[66990.09,0.00716],[66990,2.98545],[66989,0.0728],[66988.5,0.0728],[66988.2,0.04204],[66988,0.0728],[66987,0.0728],[66986.3,0.03649],[66986.29,0.02985],[66985.76,0.01119],[66984.6,0.0232],[66984.59,0.01119],[66984.12,0.00009],[66983.47,0.00012],[66983.41,0.081],[66981.6,0.00009],[66979.8,0.00014],[66979.64,0.05364],[66979.08,0.00009]],"asks":[[66990.12,0.59023],[66991.66,0.02987],[66991.99,0.06519],[66992,0.0728],[66992.5,0.0728],[66993,0.0728],[66994.2,0.00009],[66994.64,0.02713],[66994.65,0.0309],[66995.17,0.04],[66995.77,0.02],[66996.72,0.00009],[66996.84,0.00012],[66996.89,0.00012],[66999.24,0.00009],[67001.41,0.07133],[67001.42,0.13708],[67001.43,0.29844],[67001.76,0.00009],[67001.82,0.081]]}
{"type":"tick","time":1775234508683,"price":66990.11,"bids":[[66990.11,0.08554],[66990.09,0.00491],[66990,2.98545],[66989,0.0728],[66988.5,0.0728],[66988.2,0.04204],[66988,0.0728],[66987,0.0728],[66986.35,0.00152],[66985.83,0.02986],[66985.76,0.01119],[66984.62,0.04143],[66984.61,0.02319],[66984.6,0.0232],[66984.59,0.01119],[66984.12,0.00009],[66983.47,0.00012],[66983.41,0.081],[66981.6,0.00009],[66979.8,0.00014]],"asks":[[66990.12,0.59281],[66991.66,0.02987],[66991.99,0.06519],[66992,0.0728],[66992.5,0.0728],[66993,0.0728],[66994.2,0.00009],[66994.64,0.02713],[66994.65,0.0309],[66995.17,0.04],[66995.77,0.02],[66996.72,0.00009],[66996.84,0.00012],[66996.89,0.00012],[66999.24,0.00009],[67001.41,0.07133],[67001.42,0.13708],[67001.43,0.29844],[67001.76,0.00009],[67001.82,0.081]]}
{"type":"tick","time":1775234513226,"price":66990,"bids":[[66990,2.70732],[66989.98,0.00363],[66988.2,0.04204],[66988,0.0728],[66987,0.0728],[66986.35,0.00152],[66985.54,0.02319],[66984.6,0.02758],[66984.12,0.00009],[66983.83,0.02986],[66983.47,0.00012],[66983.41,0.081],[66981.6,0.00009],[66981.36,0.0112],[66980.24,0.01119],[66979.8,0.00014],[66979.08,0.00009],[66978.69,0.42511],[66977.92,0.02975],[66977.19,0.05155]],"asks":[[66990.01,0.43007],[66990.08,0.10598],[66990.12,0.02319],[66991.66,0.02987],[66992,0.0728],[66992.5,0.0728],[66993,0.0728],[66994.2,0.00009],[66994.64,0.02713],[66994.65,0.0309],[66995.17,0.04],[66995.77,0.02],[66996.72,0.00009],[66996.84,0.00012],[66996.89,0.00012],[66998.71,0.08911],[66998.72,0.29844],[66999.24,0.00009],[67001.42,0.13708],[67001.43,0.29844]]}
{"type":"tick","time":1775234520384,"price":66990,"bids":[[66990,2.6113],[66989.98,0.00841],[66988.2,0.04204],[66988,0.0728],[66987,0.0728],[66986.35,0.00152],[66984.32,0.02986],[66984.22,0.03116],[66984.12,0.00009],[66983.47,0.00012],[66983.41,0.081],[66982.9,0.02319],[66981.6,0.00009],[66979.8,0.00014],[66979.08,0.00009],[66978.69,0.44384],[66977.92,0.02975],[66977.01,0.0112],[66976.81,0.05175],[66976.79,0.00012]],"asks":[[66990.01,0.43114],[66990.08,0.10598],[66990.12,0.02319],[66991.66,0.02987],[66992,0.0728],[66992.5,0.0728],[66993,0.0728],[66994.2,0.00009],[66994.64,0.02713],[66994.65,0.0309],[66995.17,0.04],[66995.77,0.02],[66996.48,0.00546],[66996.72,0.00009],[66996.84,0.00012],[66996.89,0.00012],[66998.71,0.08911],[66998.72,0.29844],[66999.24,0.00009],[67001.42,0.13708]]}
{"type":"tick","time":1775234520923,"price":66981.21,"bids":[[66981.21,0.04156],[66979.8,0.00014],[66979.08,0.00009],[66976.79,0.00012],[66976.56,0.02427],[66976.55,0.081],[66974.91,0.05955],[66974.9,0.09148],[66974.48,0.02986],[66974.09,0.02319],[66974.04,0.00009],[66973.96,0.17745],[66971.52,0.04625],[66971.51,0.0932],[66970.43,0.00133],[66970.11,0.00012],[66969.65,0.008],[66969.14,0.05235],[66969,0.00009],[66968.04,0.0132]],"asks":[[66981.22,0.54026],[66981.61,0.02648],[66982.12,0.04],[66982.37,0.008],[66986.35,0.31247],[66986.36,0.401],[66987,0.04],[66989.99,0.21859],[66990.01,0.11265],[66990.16,0.00012],[66990.5,0.08],[66991,0.08],[66991.5,0.08],[66991.65,0.29844],[66991.68,0.00009],[66993.06,0.081],[66994.2,0.00009],[66994.62,0.01946],[66994.63,0.28373],[66996.48,0.00546]]}
{"type":"tick","time":1775234521443,"price":66979.81,"bids":[[66979.8,0.40169],[66979.78,0.00112],[66979.08,0.00009],[66976.79,0.00012],[66976.56,0.00009],[66976.3,0.02319],[66974.91,0.08852],[66974.9,0.09148],[66974.04,0.00009],[66973.96,0.17745],[66971.52,0.02834],[66971.51,0.0932],[66970.43,0.00133],[66970.11,0.00012],[66969.65,0.008],[66969.18,0.47887],[66969.17,0.98515],[66969,0.00009],[66968.04,0.0132],[66967.87,0.06]],"asks":[[66979.81,0.39779],[66981.22,0.01654],[66981.61,0.02648],[66982.01,0.15761],[66982.12,0.06],[66982.5,0.0728],[66986.34,0.29844],[66986.35,0.01403],[66986.36,0.081],[66987,0.04],[66989.99,0.21859],[66990.01,0.11265],[66990.16,0.00012],[66990.5,0.08],[66991,0.08],[66991.5,0.08],[66991.65,0.29844],[66991.68,0.00009],[66993.06,0.081],[66994.2,0.00009]]}
{"type":"tick","time":1775234522722,"price":66976.56,"bids":[[66976.56,0.04002],[66974.04,0.00009],[66971.52,0.00009],[66971.51,0.0932],[66970.11,0.00012],[66969.86,0.081],[66969,0.00009],[66968.33,0.02319],[66966.48,0.00009],[66965.87,0.42933],[66965.86,0.0952],[66963.96,0.00009],[66963.43,0.00012],[66962.65,0.02648],[66961.87,0.06],[66961.49,0.00108],[66961.44,0.00009],[66961.33,0.01119],[66961.1,0.01493],[66960.01,0.03881]],"asks":[[66976.57,0.82606],[66976.79,0.11502],[66977,0.0728],[66977.5,0.0728],[66978,0.0728],[66979.08,0.33844],[66979.78,0.008],[66979.8,0.008],[66979.99,0.0731],[66980,0.0728],[66980.5,0.0728],[66981,0.0728],[66981.61,0.02648],[66983.3,0.02],[66983.48,0.00012],[66986.32,0.05973],[66986.33,0.11565],[66986.34,0.29844],[66986.36,0.081],[66986.99,0.01503]]}
{"type":"tick","time":1775234526928,"price":66971.52,"bids":[[66971.51,0.50371],[66970.11,0.00012],[66969.93,0.90526],[66969.92,0.02986],[66969.84,2.98634],[66969,0.00009],[66968.38,0.02319],[66966.48,0.00009],[66965.87,0.02848],[66965.86,0.0952],[66963.96,0.00009],[66963.43,0.00012],[66962.65,0.02648],[66961.88,0.11179],[66961.87,0.06],[66961.44,0.00009],[66961.33,0.01119],[66961.11,0.29844],[66961.1,0.01493],[66960.79,0.00101]],"asks":[[66971.52,0.02335],[66973.1,0.06155],[66974.03,0.02706],[66974.97,0.14085],[66975.5,0.0728],[66976.55,0.20243],[66976.56,0.00009],[66976.57,0.12755],[66977,0.0728],[66978.22,0.081],[66979.08,0.33844],[66979.33,0.00547],[66979.67,0.00547],[66979.78,0.008],[66981.6,0.00009],[66983.3,0.02],[66983.48,0.00012],[66984.83,0.05239],[66985.6,0.13],[66986.3,0.16812]]}
{"type":"tick","time":1775234529233,"price":66971.51,"bids":[[66971.51,0.50494],[66970.47,0.02986],[66970.11,0.00012],[66969.93,0.90526],[66969.84,2.98634],[66969,0.00009],[66968.87,0.02319],[66966.48,0.00009],[66965.87,0.02848],[66965.86,0.0952],[66963.96,0.00009],[66963.43,0.00012],[66962.65,0.02648],[66961.88,0.11179],[66961.87,0.06],[66961.44,0.00009],[66961.33,0.01119],[66961.11,0.29844],[66961.1,0.01493],[66959.5,0.47118]],"asks":[[66971.52,0.18905],[66973.1,0.06155],[66974.03,0.02706],[66974.97,0.14085],[66975.5,0.0728],[66976.55,0.20243],[66976.56,0.00009],[66976.57,0.12755],[66977,0.0728],[66978.22,0.081],[66979.08,0.33853],[66979.33,0.00547],[66979.67,0.00547],[66981.6,0.00009],[66983.3,0.02],[66983.48,0.00012],[66984.83,0.05239],[66985.6,0.13],[66986.3,0.16812],[66986.32,0.05973]]}
{"type":"tick","time":1775234529763,"price":66971.52,"bids":[[66971.51,0.50857],[66970.47,0.02986],[66970.11,0.00012],[66969.93,0.90526],[66969.84,2.98634],[66969,0.00009],[66968.87,0.02319],[66966.48,0.00009],[66965.87,0.02848],[66965.86,0.0952],[66963.96,0.00009],[66963.43,0.00012],[66962.65,0.02648],[66961.88,0.11179],[66961.87,0.06],[66961.44,0.00009],[66961.33,0.01119],[66961.11,0.29844],[66961.1,0.01493],[66959.5,0.47118]],"asks":[[66971.52,0.18308],[66973.1,0.06155],[66974.03,0.02706],[66974.97,0.14085],[66975.5,0.0728],[66976.55,0.20243],[66976.56,0.00009],[66976.57,0.12755],[66977,0.0728],[66978.22,0.081],[66979.08,0.33853],[66979.33,0.00547],[66979.67,0.00547],[66981.6,0.00009],[66983.3,0.02],[66983.48,0.00012],[66984.83,0.05239],[66985.6,0.13],[66986.3,0.16812],[66986.32,0.05973]]}
{"type":"tick","time":1775234530667,"price":66971.51,"bids":[[66971.51,0.49943],[66970.47,0.02986],[66970.11,0.00012],[66969.93,0.90526],[66969.84,2.98634],[66969,0.00009],[66968.87,0.02319],[66966.48,0.00009],[66965.87,0.02848],[66965.86,0.0952],[66963.96,0.00009],[66963.43,0.00012],[66962.65,0.02648],[66961.88,0.11179],[66961.87,0.06],[66961.44,0.00009],[66961.33,0.01119],[66961.11,0.29844],[66961.1,0.01493],[66959.5,0.47118]],"asks":[[66971.52,0.18298],[66973.1,0.06155],[66974.03,0.02706],[66974.97,0.14085],[66975.5,0.0728],[66976.55,0.20243],[66976.56,0.00009],[66976.57,0.12755],[66977,0.0728],[66978.22,0.081],[66979.08,0.33853],[66979.33,0.00547],[66979.67,0.00547],[66981.6,0.00009],[66983.3,0.02],[66983.48,0.00012],[66984.83,0.05239],[66985.6,0.13],[66986.3,0.16812],[66986.32,0.05973]]}
{"type":"tick","time":1775234531717,"price":66971.51,"bids":[[66971.51,0.49933],[66970.47,0.02986],[66970.11,0.00012],[66969.93,0.90526],[66969.84,2.98634],[66969,0.00009],[66968.87,0.02319],[66966.48,0.00009],[66965.87,0.02848],[66965.86,0.0952],[66963.96,0.00009],[66963.43,0.00012],[66962.65,0.02648],[66961.88,0.11179],[66961.87,0.06],[66961.44,0.00009],[66961.33,0.01119],[66961.11,0.29844],[66961.1,0.01493],[66959.5,0.47118]],"asks":[[66971.52,0.12563],[66973.1,0.06155],[66974.03,0.02706],[66974.97,0.14085],[66975.5,0.0728],[66976.55,0.20243],[66976.56,0.00009],[66976.57,0.12755],[66977,0.0728],[66978.22,0.081],[66979.08,0.33853],[66979.33,0.00547],[66979.67,0.00547],[66981.6,0.00009],[66983.3,0.02],[66983.48,0.00012],[66984.12,0.00009],[66984.83,0.05239],[66985.6,0.13],[66986.3,0.16812]]}
{"type":"tick","time":1775234534140,"price":66971.52,"bids":[[66971.51,0.49918],[66970.47,0.02986],[66970.11,0.00012],[66969.93,0.90526],[66969.84,2.98634],[66969,0.00009],[66968.87,0.02319],[66966.48,0.00009],[66965.87,0.02848],[66965.86,0.0952],[66963.96,0.00009],[66963.43,0.00012],[66961.88,0.11179],[66961.87,0.06],[66961.44,0.00009],[66961.33,0.01119],[66961.11,0.29844],[66961.1,0.01493],[66959.5,0.47118],[66959.49,0.081]],"asks":[[66971.52,0.23485],[66973.1,0.06155],[66974.03,0.02706],[66974.97,0.14085],[66975.5,0.0728],[66976.55,0.20243],[66976.56,0.00009],[66976.57,0.12755],[66977,0.0728],[66978.22,0.081],[66979.08,0.33853],[66979.33,0.00547],[66979.67,0.00547],[66981.6,0.00009],[66983.3,0.02],[66983.48,0.00012],[66984.12,0.00009],[66984.83,0.05239],[66985.6,0.13],[66986.3,0.16812]]}
{"type":"tick","time":1775234535050,"price":66971.51,"bids":[[66971.51,0.46097],[66970.47,0.02986],[66970.11,0.00012],[66969.93,0.90526],[66969.84,2.98634],[66969,0.00009],[66968.87,0.02319],[66966.48,0.00009],[66965.87,0.02848],[66965.86,0.0952],[66963.96,0.00009],[66963.43,0.00012],[66962.59,0.02737],[66961.88,0.11179],[66961.87,0.06],[66961.44,0.00009],[66961.33,0.01119],[66961.11,0.29844],[66961.1,0.01493],[66959.5,0.47118]],"asks":[[66971.52,0.23475],[66973.1,0.06155],[66974.03,0.02706],[66974.97,0.14085],[66975.5,0.0728],[66976.55,0.20243],[66976.56,0.00009],[66976.57,0.12755],[66977,0.0728],[66978.22,0.081],[66979.08,0.33853],[66979.33,0.00547],[66979.67,0.00547],[66981.6,0.00009],[66983.3,0.02],[66983.48,0.00012],[66984.12,0.00009],[66984.83,0.05239],[66985.6,0.13],[66986.3,0.16812]]}
{"type":"tick","time":1775234538486,"price":66971.51,"bids":[[66971.51,0.49197],[66970.62,0.02986],[66970.11,0.00012],[66969.93,0.90526],[66969.84,2.98634],[66969,0.00009],[66968.87,0.02319],[66966.48,0.00009],[66965.87,0.02848],[66965.86,0.0952],[66963.96,0.00009],[66963.43,0.00012],[66962.59,0.02737],[66961.88,0.11179],[66961.87,0.06],[66961.44,0.00009],[66961.33,0.01119],[66961.11,0.29844],[66961.1,0.01493],[66959.5,0.47118]],"asks":[[66971.52,0.12553],[66973.1,0.06155],[66974.03,0.02706],[66974.97,0.14085],[66975.5,0.0728],[66976.55,0.20243],[66976.56,0.00009],[66976.57,0.12755],[66977,0.0728],[66978.22,0.081],[66979.08,0.33853],[66979.67,0.00547],[66981.6,0.00009],[66983.3,0.02],[66983.48,0.00012],[66983.65,0.00547],[66984.12,0.00009],[66984.83,0.05239],[66985.6,0.13],[66986.3,0.16812]]}
{"type":"tick","time":1775234540723,"price":66971.52,"bids":[[66971.51,0.34217],[66970.62,0.02986],[66970.11,0.00012],[66969.93,0.90526],[66969.84,2.98634],[66969,0.00009],[66968.87,0.02319],[66966.48,0.00009],[66965.87,0.02848],[66965.86,0.0952],[66963.96,0.00009],[66963.43,0.00012],[66962.59,0.02737],[66961.88,0.11179],[66961.87,0.06],[66961.44,0.00009],[66961.33,0.01119],[66961.11,0.29844],[66961.1,0.01493],[66960,0.00014]],"asks":[[66971.52,0.12553],[66973.1,0.06155],[66974.03,0.02706],[66974.97,0.14085],[66975.5,0.0728],[66976.55,0.20243],[66976.56,0.00009],[66976.57,0.12755],[66977,0.0728],[66978.22,0.081],[66979.08,0.33853],[66979.67,0.00547],[66981.6,0.00009],[66983.3,0.02],[66983.48,0.00012],[66983.65,0.00547],[66984.12,0.00009],[66984.83,0.05239],[66985.6,0.13],[66986.3,0.16812]]}
{"type":"tick","time":1775234552953,"price":66971.51,"bids":[[66971.51,0.45282],[66971.14,0.02986],[66970.11,0.00012],[66969.93,0.90526],[66969.84,2.98634],[66969,0.00009],[66968.87,0.02319],[66966.48,0.00009],[66965.87,0.02848],[66965.86,0.0952],[66963.96,0.00009],[66963.43,0.00012],[66962.59,0.02737],[66961.88,0.11179],[66961.87,0.06],[66961.44,0.00009],[66961.33,0.01119],[66961.11,0.29844],[66961.1,0.01493],[66960.81,0.04]],"asks":[[66971.52,0.12561],[66973.1,0.06155],[66974.03,0.02706],[66974.97,0.14085],[66975.5,0.0728],[66976.55,0.20243],[66976.56,0.00009],[66976.57,0.12755],[66977,0.0728],[66978.22,0.081],[66979.08,0.33853],[66981.6,0.00009],[66983.3,0.02],[66983.48,0.00012],[66983.65,0.00547],[66983.99,0.00547],[66984.12,0.00009],[66984.83,0.05239],[66985.6,0.13],[66986.3,0.16812]]}
{"type":"tick","time":1775234554874,"price":66971.52,"bids":[[66971.51,0.41198],[66971.14,0.02986],[66970.11,0.00012],[66969.93,0.90526],[66969.84,2.98634],[66969,0.00009],[66968.87,0.02319],[66966.48,0.00009],[66965.87,0.02848],[66965.86,0.0952],[66963.96,0.00009],[66963.43,0.00012],[66962.59,0.02737],[66961.88,0.11179],[66961.87,0.06],[66961.44,0.00009],[66961.33,0.01119],[66961.11,0.29844],[66961.1,0.01493],[66960.81,0.04]],"asks":[[66971.52,0.20661],[66973.1,0.06155],[66974.03,0.02706],[66974.97,0.14085],[66975.5,0.0728],[66976.55,0.20243],[66976.56,0.00009],[66976.57,0.12755],[66977,0.0728],[66978.22,0.081],[66979.08,0.33853],[66981.6,0.00009],[66983.3,0.02],[66983.48,0.00012],[66983.65,0.00547],[66983.99,0.00547],[66984.12,0.00009],[66984.83,0.05239],[66985.6,0.13],[66986.3,0.16812]]}
{"type":"tick","time":1775234561112,"price":66971.51,"bids":[[66971.51,0.06797],[66970.11,0.00012],[66969.84,2.98634],[66969.4,0.02319],[66969,0.00009],[66966.59,0.00152],[66966.48,0.00009],[66965.87,0.02848],[66965.86,0.0952],[66963.96,0.00009],[66963.43,0.00012],[66961.88,0.11179],[66961.87,0.02],[66961.44,0.00009],[66961.33,0.01119],[66961.11,0.29844],[66961.1,0.01493],[66960.81,0.04],[66960,0.00014],[66959.5,0.47118]],"asks":[[66971.52,0.39835],[66973.1,0.06155],[66974.03,0.02706],[66974.97,0.14085],[66975.5,0.0728],[66976.55,0.20243],[66976.56,0.00009],[66976.57,0.10755],[66977,0.0728],[66978.22,0.081],[66979.08,0.33853],[66981.6,0.00009],[66983.3,0.02],[66983.48,0.00012],[66983.65,0.00547],[66983.99,0.00547],[66984.12,0.00009],[66984.82,0.05973],[66984.83,0.05239],[66985.6,0.13]]}
{"type":"tick","time":1775234563863,"price":66970.11,"bids":[[66970.11,0.00008],[66969.84,2.98634],[66969,0.00009],[66966.59,0.00152],[66966.48,0.00009],[66965.99,0.02319],[66965.87,0.02848],[66965.86,0.0952],[66965.07,0.02986],[66963.96,0.00009],[66963.43,0.00012],[66961.88,0.11179],[66961.87,0.02],[66961.44,0.00009],[66961.33,0.01119],[66961.11,0.29844],[66961.1,0.01493],[66960.81,0.04],[66960,0.00014],[66959.57,0.04]],"asks":[[66970.12,0.95332],[66971.51,0.12368],[66971.52,0.18515],[66972.5,0.0728],[66973,0.0728],[66974.02,0.02981],[66974.03,0.02706],[66975.5,0.0728],[66976.56,0.00009],[66976.57,0.02755],[66976.8,0.00012],[66978.21,0.11329],[66978.22,0.081],[66979.08,0.29853],[66981.6,0.00009],[66983.3,0.02],[66983.48,0.00012],[66983.65,0.00547],[66983.99,0.00547],[66984,0.13]]}
{"type":"tick","time":1775234570111,"price":66969.01,"bids":[[66969,0.29376],[66966.59,0.00152],[66966.48,0.00009],[66966.47,0.04432],[66966.46,0.02986],[66966.17,0.02319],[66966.07,0.02318],[66965.86,0.0952],[66963.96,0.00009],[66963.43,0.00012],[66961.88,0.11179],[66961.87,0.02],[66961.44,0.00009],[66961.33,0.01119],[66961.11,0.29844],[66961.1,0.01493],[66960.81,0.04],[66960,0.00014],[66959.57,0.04],[66959.5,0.47118]],"asks":[[66969.01,0.33784],[66969.83,0.12567],[66970.12,0.06775],[66970.14,0.04],[66971.38,0.17909],[66971.52,0.02],[66972.5,0.0728],[66973,0.0728],[66974.03,0.02706],[66976.56,0.00009],[66976.8,0.00012],[66978.21,0.11329],[66978.22,0.081],[66979.08,0.29853],[66981.6,0.00009],[66982.37,0.05973],[66982.38,0.16669],[66982.39,0.29844],[66982.4,0.13],[66983.2,0.13]]}
{"type":"tick","time":1775234570666,"price":66969,"bids":[[66969,0.00639],[66966.59,0.00152],[66966.48,0.00009],[66966.47,0.04432],[66966.46,0.02986],[66966.07,0.02318],[66965.86,0.0952],[66963.96,0.00009],[66963.43,0.00012],[66961.88,0.11179],[66961.87,0.02],[66961.44,0.00009],[66961.33,0.01119],[66961.1,0.01493],[66960.81,0.04],[66960,0.00014],[66959.57,0.04],[66959.5,0.47118],[66959.49,0.081],[66958.92,0.00009]],"asks":[[66969.01,0.39332],[66969.83,0.12567],[66970.12,0.06775],[66970.14,0.04],[66971.38,0.17909],[66971.52,0.02],[66972.5,0.0728],[66973,0.0728],[66974.03,0.02706],[66976.56,0.00009],[66976.8,0.00012],[66978.21,0.11329],[66978.22,0.081],[66979.08,0.29853],[66981.6,0.00009],[66982.37,0.05973],[66982.38,0.16669],[66982.39,0.29844],[66982.4,0.13],[66983.2,0.13]]}
{"type":"tick","time":1775234572078,"price":66966.07,"bids":[[66966.07,0.00008],[66963.96,0.00009],[66963.43,0.00012],[66961.44,0.00009],[66961.33,0.01119],[66960,0.00014],[66959.5,0.04247],[66959.49,0.081],[66958.92,0.00009],[66958.59,0.02987],[66957.74,0.0112],[66957.67,0.02],[66957,0.02318],[66956.75,0.00012],[66956.4,0.00009],[66955.33,0.04],[66953.92,0.07885],[66953.91,0.05211],[66953.88,0.00009],[66953.44,0.17449]],"asks":[[66966.08,0.90989],[66966.48,0.06],[66966.6,0.02318],[66967.49,0.08872],[66967.5,0.0728],[66968,0.0728],[66968.5,0.0728],[66969,0.00603],[66969.5,0.0728],[66969.98,0.25863],[66969.99,0.29844],[66970,0.0728],[66970.12,0.06775],[66970.5,0.0728],[66971.52,0.00009],[66972.71,0.29844],[66975.53,0.02],[66976.35,0.08908],[66976.36,0.29844],[66976.56,0.00009]]}
{"type":"tick","time":1775234577864,"price":66960,"bids":[[66961.33,0.01628],[66960,0.00014],[66958.92,0.00009],[66956.4,0.00009],[66955.52,0.02987],[66955.4,0.02318],[66955.34,0.04506],[66955.33,0.04],[66954.63,0.081],[66953.88,0.00009],[66953.46,0.0112],[66952.34,0.0112],[66951.37,0.08072],[66951.36,0.11945],[66950.07,0.00012],[66950.01,0.16613],[66949.15,0.13909],[66949.14,0.29844],[66949.13,0.02643],[66948.84,0.00009]],"asks":[[66961.34,0.56113],[66961.99,0.03978],[66962,0.0728],[66962.5,0.0728],[66965,0.0728],[66966.04,0.011],[66966.05,0.08872],[66966.06,0.29844],[66966.08,0.02709],[66966.48,0.00009],[66966.5,0.0728],[66966.85,0.02],[66968.03,0.02598],[66968.04,0.081],[66969,0.00612],[66969.96,0.05975],[66969.98,0.46725],[66969.99,0.29844],[66970.12,0.00012],[66971.11,0.01492]]}
{"type":"tick","time":1775234578561,"price":66955.53,"bids":[[66955.52,0.2849],[66955.41,0.01889],[66955.33,0.04],[66954.29,0.02318],[66953.88,0.00009],[66951.36,0.00009],[66950.07,0.00012],[66949.18,0.24357],[66949.17,0.29844],[66949.13,0.02643],[66948.84,0.00009],[66948.66,0.06],[66947.93,0.081],[66946.39,0.0112],[66946.32,0.00009],[66946.02,0.18355],[66946.01,0.29844],[66944.83,0.01761],[66943.8,0.00009],[66943.65,0.00021]],"asks":[[66955.53,0.34208],[66957.83,0.08385],[66957.84,0.16554],[66958.93,0.11536],[66961.32,0.05431],[66961.33,0.05644],[66961.34,0.12929],[66963.44,0.00012],[66966.04,0.011],[66966.05,0.08872],[66966.06,0.29844],[66966.08,0.02709],[66966.48,0.00009],[66966.85,0.02],[66968.03,0.06149],[66968.04,0.081],[66969,0.00612],[66969.6,0.13],[66969.96,0.05975],[66969.98,0.46725]]}
{"type":"tick","time":1775234579503,"price":66955.52,"bids":[[66955.52,0.16146],[66954.29,0.02318],[66953.88,0.00009],[66951.36,0.00009],[66950.07,0.00012],[66949.65,0.04],[66949.38,0.166],[66949.18,0.24357],[66949.17,0.29844],[66949.13,0.02643],[66948.84,0.00009],[66948.66,0.06],[66947.93,0.081],[66947.6,0.0112],[66946.39,0.0112],[66946.32,0.00009],[66946.02,0.18355],[66946.01,0.29844],[66944.83,0.01761],[66944.04,0.05266]],"asks":[[66955.53,0.34174],[66957.83,0.08385],[66957.84,0.16554],[66958.93,0.11536],[66961.32,0.05431],[66961.33,0.05644],[66961.34,0.1267],[66961.44,0.00009],[66963.44,0.00012],[66966.04,0.011],[66966.05,0.08872],[66966.06,0.29844],[66966.08,0.02709],[66966.48,0.00009],[66966.85,0.02],[66968.03,0.06149],[66968.04,0.081],[66969,0.00612],[66969.6,0.13],[66969.96,0.05975]]}
{"type":"tick","time":1775234580525,"price":66955.52,"bids":[[66955.52,0.08046],[66953.88,0.00009],[66952.25,0.0159],[66952.24,0.02987],[66951.36,0.00009],[66951.17,0.02318],[66950.07,0.00012],[66949.67,0.09848],[66948.84,0.00009],[66947.93,0.081],[66947.6,0.0112],[66946.95,0.16455],[66946.39,0.0112],[66946.32,0.00009],[66946.02,0.18355],[66946.01,0.29844],[66944.83,0.01761],[66943.96,0.06],[66943.8,0.00009],[66943.65,0.00021]],"asks":[[66955.53,0.52505],[66956.5,0.0728],[66956.97,0.05617],[66957,0.0728],[66958.93,0.11536],[66961.3,0.14378],[66961.31,0.29844],[66961.33,0.05644],[66961.34,0.1267],[66961.44,0.00009],[66963.44,0.00012],[66966.04,0.011],[66966.05,0.08872],[66966.06,0.29844],[66966.08,0.02709],[66966.48,0.00009],[66966.84,0.01502],[66966.85,0.02],[66968.02,0.05975],[66968.03,0.06149]]}
{"type":"tick","time":1775234581214,"price":66955.52,"bids":[[66955.52,0.00024],[66953.88,0.00009],[66952.25,0.0159],[66951.36,0.00009],[66951.17,0.02318],[66950.09,0.02987],[66950.07,0.00012],[66949.67,0.09848],[66948.84,0.00009],[66947.93,0.081],[66947.6,0.0112],[66946.95,0.16455],[66946.39,0.0112],[66946.32,0.00009],[66946.02,0.18355],[66944.83,0.01761],[66943.96,0.06],[66943.8,0.00009],[66943.65,0.00021],[66943.39,0.00012]],"asks":[[66955.53,0.52505],[66955.66,0.02486],[66956.5,0.0728],[66956.97,0.05617],[66957,0.0728],[66958.93,0.11536],[66959.75,0.02],[66961.3,0.14378],[66961.31,0.29844],[66961.33,0.05644],[66961.34,0.1267],[66961.44,0.00009],[66963.44,0.00012],[66963.96,0.00009],[66966.04,0.011],[66966.05,0.08872],[66966.06,0.29844],[66966.48,0.00009],[66966.83,0.05975],[66966.84,0.01502]]}
{"type":"tick","time":1775234583405,"price":66951.37,"bids":[[66951.36,0.43597],[66951.13,0.01924],[66950.14,0.02318],[66950.07,0.00012],[66948.84,0.00009],[66947.6,0.0112],[66946.39,0.0112],[66946.32,0.00009],[66946.02,0.07092],[66944.83,0.01761],[66943.96,0.06],[66943.8,0.00009],[66943.39,0.00012],[66941.95,0.0002],[66941.46,0.38712],[66941.45,1.28359],[66941.28,0.00009],[66940.88,0.0132],[66939.33,0.02583],[66939.02,0.05312]],"asks":[[66951.37,0.27341],[66954.74,0.05776],[66954.75,0.16863],[66955.66,0.02486],[66956.49,0.04834],[66956.5,0.0728],[66958.07,0.081],[66958.92,0.00009],[66959.75,0.02],[66961.3,0.14378],[66961.31,0.29844],[66961.34,0.08669],[66961.44,0.00009],[66963.44,0.00012],[66963.96,0.00009],[66964.8,0.13],[66965.59,0.17],[66965.6,0.13],[66966.04,0.011],[66966.06,0.29844]]}
{"type":"tick","time":1775234584000,"price":66951.37,"bids":[[66951.36,0.43589],[66950.14,0.02318],[66950.07,0.00012],[66948.84,0.00009],[66947.6,0.0112],[66946.72,0.05078],[66946.71,0.17011],[66946.39,0.0112],[66946.32,0.00009],[66944.84,0.02323],[66944.83,0.01761],[66943.96,0.06],[66943.8,0.00009],[66943.58,0.02378],[66943.39,0.00012],[66941.95,0.0002],[66941.47,0.10861],[66941.46,0.38712],[66941.45,1.28359],[66941.28,0.00009]],"asks":[[66951.37,0.27282],[66955.66,0.02486],[66956.49,0.09649],[66956.5,0.24288],[66958.07,0.081],[66958.92,0.00009],[66959.75,0.02],[66961.3,0.14378],[66961.31,0.29844],[66961.34,0.08669],[66961.44,0.00009],[66963.44,0.00012],[66963.96,0.00009],[66964.8,0.13],[66965.59,0.17],[66965.6,0.13],[66966.04,0.011],[66966.06,0.29844],[66966.4,0.13],[66966.48,0.00009]]}
{"type":"tick","time":1775234584956,"price":66951.36,"bids":[[66951.36,0.43589],[66950.14,0.02318],[66950.07,0.00012],[66948.84,0.00009],[66947.6,0.0112],[66946.72,0.05078],[66946.71,0.17011],[66946.39,0.0112],[66946.32,0.00009],[66944.84,0.02323],[66944.83,0.01761],[66943.96,0.06],[66943.8,0.00009],[66943.58,0.02378],[66943.39,0.00012],[66941.95,0.0002],[66941.47,0.10861],[66941.46,0.38712],[66941.45,1.28359],[66941.28,0.00009]],"asks":[[66951.37,0.2728],[66955.66,0.02486],[66956.49,0.09649],[66956.5,0.24288],[66958.07,0.081],[66958.92,0.00009],[66959.75,0.02],[66961.3,0.14378],[66961.31,0.29844],[66961.34,0.08669],[66961.44,0.00009],[66963.44,0.00012],[66963.96,0.00009],[66964.8,0.13],[66965.59,0.17],[66965.6,0.13],[66966.04,0.011],[66966.06,0.29844],[66966.4,0.13],[66966.48,0.00009]]}
{"type":"tick","time":1775234587595,"price":66951.37,"bids":[[66951.36,0.43579],[66950.14,0.02318],[66950.07,0.00012],[66948.84,0.00009],[66947.6,0.0112],[66946.72,0.05078],[66946.71,0.17011],[66946.39,0.0112],[66946.32,0.00009],[66944.84,0.02323],[66944.83,0.01761],[66943.96,0.06],[66943.8,0.00009],[66943.58,0.02378],[66943.39,0.00012],[66941.95,0.0002],[66941.47,0.10861],[66941.46,0.38712],[66941.45,1.28359],[66941.28,0.00009]],"asks":[[66951.37,0.27555],[66955.66,0.02486],[66956.44,0.04219],[66956.45,0.17589],[66956.49,0.05191],[66956.5,0.0728],[66958.07,0.081],[66958.92,0.00009],[66959.75,0.02],[66961.3,0.14378],[66961.31,0.29844],[66961.34,0.08669],[66961.44,0.00009],[66963.44,0.00012],[66963.96,0.00009],[66964.47,0.05386],[66964.8,0.13],[66965.59,0.17],[66965.6,0.13],[66966.04,0.011]]}
{"type":"tick","time":1775234591056,"price":66951.37,"bids":[[66951.36,0.43588],[66950.14,0.02318],[66950.07,0.00012],[66948.84,0.00009],[66947.6,0.0112],[66946.72,0.05078],[66946.71,0.17011],[66946.39,0.0112],[66946.32,0.00009],[66944.84,0.02323],[66944.83,0.01761],[66943.96,0.06],[66943.8,0.00009],[66943.58,0.02378],[66943.39,0.00012],[66941.6,0.00017],[66941.47,0.10861],[66941.46,0.38712],[66941.45,1.28359],[66941.28,0.00009]],"asks":[[66951.37,0.27544],[66955.66,0.02486],[66956.44,0.04219],[66956.45,0.17589],[66956.49,0.05191],[66956.5,0.0728],[66958.07,0.081],[66958.92,0.00009],[66959.75,0.02],[66961.3,0.14378],[66961.31,0.29844],[66961.34,0.08669],[66961.44,0.00009],[66963.44,0.00012],[66963.96,0.00009],[66964.47,0.05386],[66964.8,0.13],[66965.59,0.17],[66965.6,0.13],[66966.04,0.011]]}
{"type":"tick","time":1775234600246,"price":66951.37,"bids":[[66951.36,0.43588],[66950.14,0.02318],[66950.07,0.00012],[66948.84,0.00009],[66947.6,0.0112],[66946.72,0.05078],[66946.71,0.17011],[66946.39,0.0112],[66946.32,0.00009],[66944.84,0.02323],[66944.83,0.01761],[66943.96,0.06],[66943.8,0.00009],[66943.58,0.02378],[66943.39,0.00012],[66941.63,0.00034],[66941.46,0.38712],[66941.45,1.28359],[66941.28,0.00009],[66940.88,0.0132]],"asks":[[66951.37,0.17632],[66955.66,0.02486],[66955.79,0.00152],[66956.44,0.04219],[66956.45,0.17589],[66956.49,0.05191],[66956.5,0.0728],[66958.07,0.081],[66958.92,0.00009],[66959.75,0.02],[66961.3,0.14378],[66961.31,0.29844],[66961.34,0.08669],[66961.44,0.00009],[66963.44,0.00012],[66963.96,0.00009],[66964.54,0.05378],[66964.8,0.13],[66965.59,0.17],[66965.6,0.13]]}
{"type":"tick","time":1775234601191,"price":66951.37,"bids":[[66951.36,0.47443],[66951.35,0.01887],[66950.14,0.02318],[66950.07,0.00012],[66948.84,0.00009],[66947.6,0.0112],[66946.72,0.05078],[66946.71,0.17011],[66946.39,0.0112],[66946.32,0.00009],[66944.84,0.02323],[66944.83,0.01761],[66943.96,0.06],[66943.8,0.00009],[66943.58,0.02378],[66943.39,0.00012],[66941.46,0.38712],[66941.45,1.28359],[66941.28,0.00009],[66940.88,0.0132]],"asks":[[66951.37,0.17506],[66955.66,0.02486],[66955.79,0.00152],[66956.44,0.04219],[66956.45,0.17589],[66956.49,0.05191],[66956.5,0.0728],[66958.07,0.081],[66958.92,0.00009],[66959.75,0.02],[66961.3,0.14378],[66961.31,0.29844],[66961.34,0.08669],[66961.44,0.00009],[66963.44,0.00012],[66963.96,0.00009],[66964.54,0.05378],[66964.8,0.13],[66965.59,0.17],[66965.6,0.13]]}
{"type":"tick","time":1775234603062,"price":66958.92,"bids":[[66958.91,0.38544],[66958.9,0.01733],[66958.01,0.04346],[66958,0.0728],[66957.5,0.0728],[66956.72,0.02318],[66955.8,0.09593],[66955.78,0.26312],[66955.5,0.0728],[66954.5,0.0728],[66953.56,0.0112],[66952.47,0.02],[66952.21,0.081],[66952.08,0.15115],[66951.37,0.1232],[66951.36,0.08661],[66950.16,0.04],[66950.07,0.00012],[66949.77,0.29844],[66948.84,0.00009]],"asks":[[66958.92,0.02538],[66961.44,0.00009],[66963.57,0.02],[66963.95,0.06767],[66963.96,0.18479],[66965.92,0.02],[66966.17,0.04],[66966.48,0.00009],[66967.6,0.08558],[66967.61,0.13055],[66967.62,0.29844],[66967.66,0.0537],[66968.04,0.081],[66969,0.00612],[66970.12,0.00012],[66971.51,0.11158],[66971.52,0.00009],[66972.8,0.13],[66973.07,0.29844],[66973.58,0.18652]]}
{"type":"tick","time":1775234606358,"price":66958.91,"bids":[[66958.91,0.55049],[66958.9,0.01597],[66958.89,0.0409],[66958.5,0.0728],[66958.01,0.04346],[66958,0.0728],[66957.5,0.0728],[66955.82,0.21777],[66955.81,0.29844],[66955.78,0.26312],[66955.5,0.0728],[66954.6,0.0112],[66954.5,0.0728],[66953.56,0.0112],[66952.86,0.61369],[66952.85,0.98515],[66952.84,0.29844],[66952.47,0.02],[66952.21,0.081],[66952.07,0.02394]],"asks":[[66958.92,0.02354],[66961.44,0.00009],[66963.41,0.02469],[66963.96,0.00009],[66965.77,0.06767],[66965.8,0.17657],[66965.92,0.02],[66966.48,0.00009],[66966.97,0.02],[66967.99,0.05082],[66968.04,0.081],[66968.07,0.04],[66969,0.00612],[66969.19,0.05336],[66970.12,0.00012],[66971.5,0.07432],[66971.51,0.11158],[66971.52,0.00009],[66972.79,0.29844],[66972.8,0.13]]}
{"type":"tick","time":1775234614184,"price":66958.92,"bids":[[66958.91,0.4973],[66958.9,0.01348],[66958.89,0.0409],[66958.51,0.07411],[66958.5,0.0728],[66958,0.0728],[66957.73,0.02987],[66957.5,0.0728],[66956.81,0.02318],[66955.82,0.11743],[66955.78,0.26312],[66955.5,0.0728],[66954.5,0.0728],[66952.47,0.02],[66952.21,0.081],[66952.08,0.13406],[66952.07,0.02394],[66951.36,0.08661],[66950.16,0.04],[66950.07,0.00012]],"asks":[[66958.92,0.13013],[66961.44,0.00009],[66963.47,0.02445],[66963.96,0.00009],[66964.18,0.0626],[66964.19,0.18964],[66965.92,0.02],[66966.48,0.00009],[66967.63,0.07881],[66967.64,0.133],[66967.65,0.29844],[66968.04,0.081],[66968.07,0.04],[66968.47,0.02],[66969,0.00612],[66969.79,0.00563],[66970.01,0.05155],[66970.12,0.00012],[66971.51,0.11158],[66971.52,0.00009]]}
{"type":"tick","time":1775234618321,"price":66958.92,"bids":[[66958.91,0.49721],[66958.9,0.01213],[66958.89,0.0409],[66958.51,0.07411],[66958.5,0.0728],[66958,0.0728],[66957.96,0.02318],[66957.5,0.0728],[66955.82,0.11743],[66955.78,0.26312],[66955.5,0.0728],[66954.5,0.0728],[66952.47,0.02],[66952.21,0.081],[66952.08,0.13406],[66952.07,0.02394],[66951.36,0.08661],[66950.16,0.04],[66950.07,0.00012],[66949.77,0.29844]],"asks":[[66958.92,0.019],[66961.44,0.00009],[66963.47,0.02445],[66963.96,0.00009],[66964.18,0.0626],[66965.6,0.19644],[66965.92,0.02],[66966.48,0.00009],[66967.62,0.0456],[66968.04,0.081],[66968.07,0.04],[66968.47,0.02],[66969,0.00612],[66969.79,0.00563],[66970.01,0.05155],[66970.12,0.00012],[66971.51,0.11158],[66971.52,0.00009],[66972.06,0.04],[66972.79,0.29844]]}
{"type":"tick","time":1775234621622,"price":66958.91,"bids":[[66958.91,0.48855],[66958.89,0.0409],[66958.51,0.07411],[66958.5,0.0728],[66958,0.0728],[66957.5,0.0728],[66956.26,0.02318],[66955.82,0.11743],[66955.78,0.26312],[66955.5,0.0728],[66954.5,0.0728],[66952.47,0.02],[66952.21,0.081],[66952.08,0.13406],[66952.07,0.02394],[66951.36,0.08661],[66950.16,0.04],[66950.07,0.00012],[66949.77,0.29844],[66949.48,0.0112]],"asks":[[66958.92,0.13938],[66961.44,0.00009],[66962.59,0.04],[66963.06,0.05983],[66963.07,0.20043],[66963.47,0.02445],[66963.96,0.00009],[66965.92,0.02],[66966.48,0.00009],[66967.62,0.0456],[66968.04,0.081],[66968.07,0.04],[66968.47,0.02],[66969,0.00612],[66969.79,0.00563],[66969.97,0.07139],[66969.98,0.27883],[66969.99,0.29844],[66970.01,0.05155],[66970.12,0.00012]]}
{"type":"tick","time":1775234624054,"price":66958.91,"bids":[[66958.91,0.4813],[66958.9,0.01149],[66958.89,0.0409],[66958.51,0.07411],[66958.5,0.0728],[66958,0.0728],[66957.5,0.0728],[66957.16,0.02987],[66956.26,0.02318],[66955.82,0.11743],[66955.78,0.26312],[66955.5,0.0728],[66954.5,0.0728],[66952.47,0.02],[66952.21,0.081],[66952.08,0.13406],[66952.07,0.02394],[66951.36,0.08661],[66950.16,0.04],[66950.07,0.00012]],"asks":[[66958.92,0.13938],[66961.44,0.00009],[66962.59,0.04],[66963.06,0.05983],[66963.07,0.20043],[66963.47,0.02445],[66963.96,0.00009],[66965.92,0.02],[66966.48,0.00009],[66967.62,0.0456],[66968.04,0.081],[66968.07,0.04],[66968.47,0.02],[66969,0.00612],[66969.79,0.00563],[66969.97,0.07139],[66969.98,0.27883],[66969.99,0.29844],[66970.01,0.05155],[66970.12,0.00012]]}
{"type":"tick","time":1775234625578,"price":66958.92,"bids":[[66958.91,0.39921],[66958.9,0.01149],[66958.89,0.0409],[66958.51,0.07411],[66958.5,0.0728],[66958,0.0728],[66957.5,0.0728],[66957.16,0.02987],[66956.26,0.02318],[66955.82,0.11743],[66955.78,0.26312],[66955.5,0.0728],[66954.5,0.0728],[66952.47,0.02],[66952.21,0.081],[66952.08,0.13406],[66952.07,0.02394],[66951.36,0.08661],[66950.16,0.04],[66950.07,0.00012]],"asks":[[66958.92,0.22533],[66961.44,0.00009],[66962.59,0.04],[66963.06,0.05983],[66963.07,0.20043],[66963.47,0.02445],[66963.96,0.00009],[66965.92,0.02],[66966.48,0.00009],[66967.62,0.0456],[66968.04,0.081],[66968.07,0.04],[66968.47,0.02],[66969,0.00612],[66969.79,0.00563],[66969.97,0.07139],[66969.98,0.27883],[66969.99,0.29844],[66970.01,0.05155],[66970.12,0.00012]]}
{"type":"tick","time":1775234626613,"price":66958.92,"bids":[[66958.91,0.39921],[66958.9,0.01059],[66958.89,0.0409],[66958.51,0.07411],[66958.5,0.0728],[66958,0.0728],[66957.5,0.0728],[66956.26,0.02318],[66955.82,0.11743],[66955.79,0.02987],[66955.78,0.26312],[66955.5,0.0728],[66954.5,0.0728],[66952.47,0.02],[66952.21,0.081],[66952.08,0.13406],[66952.07,0.02394],[66951.36,0.08661],[66950.16,0.04],[66950.07,0.00012]],"asks":[[66958.92,0.22532],[66961.44,0.00009],[66962.59,0.04],[66963.06,0.05983],[66963.07,0.20043],[66963.47,0.02445],[66963.96,0.00009],[66965.92,0.02],[66966.48,0.00009],[66967.62,0.0456],[66968.04,0.081],[66968.07,0.04],[66968.47,0.02],[66969,0.00612],[66969.79,0.00563],[66969.97,0.07139],[66969.98,0.27883],[66969.99,0.29844],[66970.01,0.05155],[66970.12,0.00012]]}
{"type":"tick","time":1775234627188,"price":66958.91,"bids":[[66958.91,0.00064],[66958.9,0.01059],[66958.89,0.0409],[66957.5,0.0728],[66955.78,0.26312],[66955.5,0.0728],[66954.5,0.0728],[66952.22,0.06318],[66952.21,0.081],[66951.36,0.08661],[66950.07,0.00012],[66949.48,0.0112],[66949.28,0.02318],[66949.13,0.02967],[66949.12,0.0112],[66948.84,0.00009],[66948.57,0.02492],[66947.46,0.02],[66946.32,0.00009],[66946.26,0.04]],"asks":[[66958.92,0.35887],[66960.79,0.20796],[66960.8,0.20656],[66961.07,0.04],[66961.44,0.00009],[66961.77,0.02],[66962.45,0.29844],[66962.59,0.04],[66963.47,0.02445],[66963.96,0.00009],[66965.92,0.02],[66966.48,0.00009],[66967.62,0.0456],[66968.04,0.081],[66968.99,0.05975],[66969,0.00612],[66969.79,0.00563],[66969.98,0.27883],[66969.99,0.29844],[66970.01,0.05155]]}
{"type":"tick","time":1775234629702,"price":66952.22,"bids":[[66952.22,0.08083],[66952.21,0.00283],[66951.36,0.08661],[66950.07,0.00012],[66949.13,0.01909],[66948.84,0.00009],[66948.31,0.02318],[66947.91,0.04067],[66947.37,0.02987],[66946.32,0.00009],[66946.27,0.19255],[66945.52,0.081],[66944.83,0.01761],[66944.76,0.02],[66944.53,0.29844],[66944.49,0.02382],[66944.47,0.01493],[66943.86,0.04],[66943.82,0.0112],[66943.8,0.00009]],"asks":[[66952.23,0.71373],[66952.54,0.04657],[66952.55,0.04],[66955.07,0.02],[66955.5,0.0728],[66955.78,0.05597],[66956.99,0.04991],[66957,0.0728],[66957.47,0.02387],[66958.89,0.008],[66958.92,0.00037],[66958.93,0.081],[66961.07,0.04],[66961.44,0.00009],[66962.41,0.08908],[66962.42,0.29844],[66963.44,0.00012],[66963.96,0.00009],[66965.22,0.00564],[66965.92,0.02]]}
{"type":"tick","time":1775234631126,"price":66947.58,"bids":[[66947.57,0.33263],[66947.56,0.00122],[66946.32,0.00009],[66943.8,0.00009],[66942.15,0.05802],[66942.14,0.07009],[66941.84,0.02318],[66941.28,0.00009],[66940.26,0.02],[66939.26,0.04],[66938.92,0.0112],[66938.89,0.29844],[66938.76,0.00009],[66938.47,0.0112],[66936.9,0.31629],[66936.71,0.00012],[66936.53,0.98515],[66936.24,0.00009],[66936.05,0.11487],[66936.04,0.29844]],"asks":[[66947.58,0.23228],[66947.91,0.0835],[66947.92,0.08318],[66948,0.0728],[66948.25,0.00028],[66948.5,0.0728],[66949,0.0728],[66950.97,0.02475],[66951,0.0728],[66951.04,0.07664],[66952,0.0728],[66952.21,0.008],[66952.5,0.0728],[66952.55,0.04],[66953,0.0728],[66953.88,0.00009],[66956.56,0.19014],[66956.57,0.29844],[66956.76,0.00012],[66958.27,0.011]]}
{"type":"tick","time":1775234632033,"price":66947.57,"bids":[[66947.57,0.33263],[66947.56,0.00122],[66946.32,0.00009],[66943.8,0.00009],[66942.53,0.02987],[66942.15,0.07933],[66942.14,0.04022],[66941.84,0.02318],[66941.28,0.00009],[66940.73,0.16688],[66940.26,0.02],[66939.26,0.04],[66938.92,0.0112],[66938.89,0.29844],[66938.76,0.00009],[66938.47,0.0112],[66936.9,0.31629],[66936.71,0.00012],[66936.61,0.02438],[66936.53,0.98515]],"asks":[[66947.58,0.25625],[66947.91,0.0835],[66947.92,0.08318],[66948,0.0728],[66948.25,0.00028],[66948.5,0.0728],[66949,0.0728],[66950.97,0.02475],[66951,0.0728],[66951.04,0.07664],[66952,0.0728],[66952.21,0.008],[66952.5,0.0728],[66952.55,0.04],[66953,0.0728],[66953.88,0.00009],[66956.4,0.00009],[66956.56,0.19014],[66956.57,0.29844],[66956.76,0.00012]]}
{"type":"tick","time":1775234633865,"price":66947.57,"bids":[[66947.57,0.03879],[66947.56,0.00122],[66946.32,0.00009],[66943.8,0.00009],[66942.53,0.02987],[66942.15,0.04591],[66942.14,0.04022],[66941.28,0.00009],[66940.87,0.081],[66940.64,0.02318],[66940.26,0.02],[66939.26,0.04],[66939,0.29844],[66938.92,0.0112],[66938.76,0.00009],[66938.47,0.0112],[66936.9,0.31629],[66936.71,0.00012],[66936.61,0.02438],[66936.53,0.98515]],"asks":[[66947.58,0.4221],[66947.91,0.0835],[66947.92,0.08318],[66948,0.0728],[66948.25,0.00028],[66948.5,0.0728],[66949,0.0728],[66950.97,0.02475],[66951,0.0728],[66951.04,0.07664],[66952,0.0728],[66952.21,0.008],[66952.5,0.0728],[66952.55,0.04],[66953,0.0728],[66953.88,0.00009],[66956.4,0.00009],[66956.56,0.19014],[66956.57,0.29844],[66956.76,0.00012]]}
{"type":"tick","time":1775234635016,"price":66942.16,"bids":[[66942.15,0.2961],[66942.14,0.00064],[66941.28,0.00009],[66939.41,0.02988],[66939.27,0.02998],[66939.26,0.04],[66938.76,0.00009],[66938.56,0.02],[66937.65,0.02318],[66936.72,0.04022],[66936.71,0.00012],[66936.24,0.00009],[66933.86,0.11822],[66933.85,0.08631],[66933.72,0.00009],[66933.44,0.0112],[66933.19,0.0112],[66933.17,0.29844],[66933.08,0.02387],[66931.21,0.46093]],"asks":[[66942.16,0.51748],[66942.5,0.05038],[66942.54,0.15581],[66944.89,0.02474],[66946.99,0.07088],[66947,0.0728],[66947.56,0.008],[66947.58,0.04061],[66947.92,0.06],[66948.25,0.00028],[66948.84,0.00009],[66948.86,0.081],[66950.08,0.00012],[66951.31,0.02],[66952.21,0.008],[66953.88,0.00009],[66954.96,0.00564],[66955.98,0.07396],[66955.99,0.11769],[66956,0.13]]}
{"type":"tick","time":1775234635918,"price":66942.15,"bids":[[66942.15,0.28904],[66942.14,0.00064],[66941.28,0.00009],[66939.27,0.0828],[66939.26,0.04],[66938.83,0.02318],[66938.76,0.00009],[66938.56,0.02],[66936.72,0.04022],[66936.71,0.00012],[66936.6,0.16663],[66936.24,0.00009],[66933.86,0.11822],[66933.85,0.08631],[66933.72,0.00009],[66933.44,0.0112],[66933.19,0.0112],[66933.17,0.29844],[66933.08,0.02387],[66931.21,0.46093]],"asks":[[66942.16,0.51299],[66942.5,0.05038],[66942.54,0.10361],[66944.89,0.02474],[66946.99,0.07088],[66947,0.0728],[66947.58,0.04061],[66947.92,0.06],[66948.25,0.00028],[66948.84,0.00009],[66948.86,0.081],[66950.08,0.00012],[66951.31,0.02],[66951.36,0.00009],[66952.21,0.008],[66953.88,0.00009],[66954.96,0.00564],[66955.96,0.06286],[66955.97,0.08048],[66956,0.13]]}
{"type":"tick","time":1775234638347,"price":66942.16,"bids":[[66942.15,0.28902],[66942.14,0.00064],[66941.53,0.02987],[66941.28,0.00009],[66939.27,0.0828],[66939.26,0.04],[66938.83,0.02318],[66938.76,0.00009],[66938.56,0.02],[66936.72,0.04022],[66936.71,0.00012],[66936.6,0.16663],[66936.24,0.00009],[66933.86,0.11822],[66933.85,0.08631],[66933.72,0.00009],[66933.44,0.0112],[66933.19,0.0112],[66933.17,0.29844],[66933.08,0.02387]],"asks":[[66942.16,0.42819],[66942.5,0.05038],[66942.54,0.10361],[66944.89,0.02474],[66946.99,0.07088],[66947,0.0728],[66947.58,0.04061],[66947.92,0.06],[66948.25,0.00028],[66948.84,0.00009],[66948.86,0.081],[66950.08,0.00012],[66951.31,0.02],[66951.36,0.00009],[66952.21,0.008],[66953.88,0.00009],[66954.96,0.00564],[66955.96,0.06286],[66955.97,0.08048],[66956,0.13]]}
{"type":"tick","time":1775234642251,"price":66942.16,"bids":[[66942.15,0.34244],[66942.14,0.00054],[66941.28,0.00009],[66939.65,0.08396],[66939.41,0.02318],[66939.26,0.04],[66938.76,0.00009],[66938.56,0.02],[66937.79,0.17052],[66936.72,0.04022],[66936.71,0.00012],[66936.24,0.00009],[66933.87,0.08863],[66933.86,0.11822],[66933.85,0.08631],[66933.72,0.00009],[66933.44,0.0112],[66933.19,0.0112],[66933.17,0.29844],[66933.08,0.02387]],"asks":[[66942.16,0.23875],[66944.89,0.02474],[66946.99,0.10685],[66947,0.0728],[66947.58,0.02407],[66947.75,0.17044],[66948.25,0.00028],[66948.84,0.00009],[66948.86,0.081],[66949.59,0.04],[66950.08,0.00012],[66950.59,0.02],[66951.31,0.02],[66951.36,0.00009],[66952.21,0.008],[66953.85,0.23367],[66953.86,0.29844],[66953.88,0.00009],[66954.96,0.00564],[66956,0.13]]}
{"type":"tick","time":1775234643115,"price":66946.99,"bids":[[66946.99,0.0004],[66942.15,0.09174],[66941.5,0.0728],[66941.28,0.00009],[66941,0.0728],[66939.74,0.02988],[66938.76,0.00009],[66936.72,0.04022],[66936.71,0.00012],[66936.24,0.00009],[66934.26,0.06],[66933.86,0.11822],[66933.85,0.08631],[66933.72,0.00009],[66933.44,0.0112],[66933.19,0.0112],[66931.21,0.46093],[66931.2,0.00009],[66930.06,0.00012],[66930.03,0.00012]],"asks":[[66947,1.89716],[66947.56,0.01924],[66947.58,0.02407],[66948,0.0728],[66948.25,0.00028],[66948.84,0.00009],[66950.08,0.00012],[66950.58,0.08377],[66951.36,0.00009],[66952.21,0.008],[66953.84,0.07824],[66953.85,0.09082],[66953.86,0.29844],[66953.88,0.00009],[66954.96,0.00564],[66956.4,0.00009],[66956.55,1.06276],[66956.56,0.30019],[66956.57,0.29844],[66956.76,0.00012]]}
{"type":"tick","time":1775234644039,"price":66942.16,"bids":[[66942.15,0.09174],[66942.14,0.00014],[66941.28,0.00009],[66938.76,0.00009],[66936.73,0.02096],[66936.72,0.04022],[66936.71,0.00012],[66936.67,0.02988],[66936.24,0.00009],[66935.81,0.02318],[66934.28,0.08247],[66934.27,0.09036],[66934.26,0.06],[66933.85,0.08631],[66933.72,0.00009],[66933.39,0.16671],[66933.19,0.0112],[66931.2,0.00009],[66930.06,0.00012],[66930.03,0.00012]],"asks":[[66942.16,0.51527],[66942.59,0.02369],[66946.99,0.89377],[66947,1.43416],[66947.58,0.02407],[66948.25,0.00028],[66948.84,0.00009],[66948.86,0.081],[66950.08,0.00012],[66950.56,0.012],[66951.36,0.00009],[66952.21,0.008],[66953.84,0.05976],[66953.85,0.09082],[66953.86,0.29844],[66953.88,0.00009],[66954.87,0.01492],[66954.96,0.00564],[66956,0.13],[66956.4,0.00009]]}
{"type":"tick","time":1775234644608,"price":66942.16,"bids":[[66942.15,0.09174],[66942.14,0.00014],[66941.28,0.00009],[66938.76,0.00009],[66936.73,0.02096],[66936.72,0.04022],[66936.71,0.00012],[66936.67,0.02988],[66936.24,0.00009],[66935.81,0.02318],[66934.28,0.08247],[66934.27,0.09036],[66934.26,0.06],[66933.85,0.08631],[66933.72,0.00009],[66933.39,0.16671],[66933.19,0.0112],[66931.2,0.00009],[66930.06,0.00012],[66930.03,0.00012]],"asks":[[66942.16,0.51517],[66942.59,0.02369],[66946.99,0.89377],[66947,1.43416],[66947.58,0.02407],[66948.25,0.00028],[66948.84,0.00009],[66948.86,0.081],[66950.08,0.00012],[66950.56,0.012],[66951.36,0.00009],[66952.21,0.008],[66953.84,0.05976],[66953.85,0.09082],[66953.86,0.29844],[66953.88,0.00009],[66954.87,0.01492],[66954.96,0.00564],[66956,0.13],[66956.4,0.00009]]}
{"type":"tick","time":1775234650215,"price":66942.16,"bids":[[66942.15,0.51123],[66942.14,0.00014],[66941.5,0.0728],[66941.28,0.00009],[66941,0.0728],[66939.35,0.01899],[66938.76,0.0792],[66936.72,0.04022],[66936.71,0.00012],[66936.24,0.00009],[66934.45,0.29844],[66934.28,0.09269],[66934.27,0.05039],[66934.26,0.06],[66933.85,0.08631],[66933.72,0.00009],[66933.19,0.0112],[66931.81,0.07543],[66931.8,0.39047],[66931.79,0.98515]],"asks":[[66942.16,0.0015],[66944.66,0.0238],[66946.26,0.00152],[66946.99,0.04764],[66947,0.05416],[66947.58,0.02407],[66947.91,0.16975],[66948.84,0.00009],[66948.86,0.081],[66949.69,0.02],[66950.08,0.00012],[66950.56,0.012],[66951.36,0.00009],[66952.09,0.04],[66952.2,0.01795],[66952.21,0.008],[66953.85,0.04948],[66953.88,0.00009],[66954.96,0.00564],[66955.99,0.07669]]}
{"type":"tick","time":1775234655691,"price":66944.66,"bids":[[66944.65,1.10443],[66944.64,0.00016],[66944.5,0.0728],[66943.5,0.0728],[66942.17,0.12312],[66942.16,0.1232],[66942.15,0.09164],[66942,0.0728],[66941.5,0.0728],[66941.28,0.00009],[66941,0.0728],[66938.79,0.01899],[66938.78,0.02318],[66938.76,0.00009],[66937.78,0.02353],[66936.72,0.04022],[66936.71,0.00012],[66936.24,0.00009],[66934.46,0.13613],[66934.45,0.29844]],"asks":[[66944.66,0.02342],[66946.26,0.00152],[66946.99,0.06493],[66948.84,0.00009],[66950.08,0.00012],[66951.08,0.17313],[66951.35,0.04212],[66951.36,0.08109],[66951.79,0.02],[66952.09,0.04],[66953.88,0.00009],[66954.13,0.02648],[66954.14,0.02],[66954.96,0.00564],[66955.63,0.05297],[66956.39,0.01],[66956.4,0.00009],[66956.52,0.19332],[66956.76,0.00012],[66958.4,0.13]]}
{"type":"tick","time":1775234656558,"price":66944.66,"bids":[[66944.65,1.10443],[66944.64,0.00016],[66944.5,0.0728],[66943.5,0.0728],[66943.49,0.02318],[66942.17,0.12312],[66942.16,0.1232],[66942.15,0.09164],[66942,0.0728],[66941.76,0.06],[66941.5,0.0728],[66941.28,0.00009],[66941,0.0728],[66938.79,0.01899],[66938.76,0.00009],[66937.78,0.02353],[66936.72,0.04022],[66936.71,0.00012],[66936.24,0.00009],[66934.46,0.13613]],"asks":[[66944.66,0.02342],[66946.26,0.00152],[66948.84,0.00009],[66949.6,0.05196],[66949.61,0.17406],[66950.08,0.00012],[66951.35,0.04212],[66951.36,0.08109],[66951.79,0.02],[66952.09,0.04],[66953.88,0.00009],[66954.13,0.12216],[66954.14,0.02],[66954.96,0.00564],[66955.98,0.05212],[66956.37,0.08641],[66956.38,0.29844],[66956.39,0.01],[66956.4,0.00009],[66956.52,0.19332]]}
{"type":"tick","time":1775234667267,"price":66944.66,"bids":[[66944.65,0.80261],[66944.64,0.00015],[66944.5,0.0728],[66943.5,0.0728],[66942.17,0.12312],[66942.16,0.1232],[66942.15,0.09164],[66942,0.0728],[66941.5,0.0728],[66941.28,0.00009],[66941,0.0728],[66940.16,0.02],[66939.97,0.02318],[66938.79,0.38841],[66938.76,0.00009],[66937.96,0.04],[66937.78,0.02353],[66937.28,0.98515],[66937.26,0.29844],[66936.72,0.04022]],"asks":[[66944.66,0.1446],[66946.26,0.00152],[66948.84,0.00009],[66949.6,0.04],[66950.08,0.00012],[66950.56,0.0864],[66950.57,0.07975],[66950.58,0.02389],[66951.17,0.17058],[66951.36,0.08109],[66953.13,0.12404],[66953.88,0.00009],[66954.14,0.02],[66955.4,0.02],[66955.7,0.04],[66956.34,0.07908],[66956.35,0.29844],[66956.4,0.00009],[66956.52,0.19332],[66956.76,0.00012]]}
{"type":"tick","time":1775234669850,"price":66944.66,"bids":[[66944.65,0.73477],[66944.64,0.00013],[66944.5,0.0728],[66943.51,0.99167],[66943.5,0.0728],[66943.1,0.02987],[66942.98,2.88077],[66942.15,0.09164],[66942,0.0728],[66941.5,0.0728],[66941.28,0.00009],[66941,0.0728],[66938.79,0.10818],[66938.76,0.00009],[66937.96,0.04],[66937.78,0.02353],[66937.29,0.29844],[66936.72,0.04022],[66936.71,0.00012],[66936.66,0.02]],"asks":[[66944.66,0.14484],[66946.26,0.00152],[66947.64,0.06037],[66948.84,0.00009],[66949.6,0.04],[66949.7,0.17105],[66949.91,0.02848],[66950.08,0.00012],[66950.58,0.02389],[66951.36,0.08109],[66953.11,0.2021],[66953.12,0.29844],[66953.88,0.00009],[66954.14,0.02],[66955.4,0.02],[66955.7,0.04],[66956.35,0.29844],[66956.4,0.00009],[66956.52,0.19332],[66956.76,0.00012]]}
